<?xml version="1.0" encoding="UTF-8"?>
<!DOCTYPE html PUBLIC "-//W3C//DTD XHTML 1.0 Transitional//EN"
    "http://www.w3.org/TR/xhtml1/DTD/xhtml1-transitional.dtd">
<html xmlns="http://www.w3.org/1999/xhtml" xml:lang="en" lang="en">
 <head>
  <title>
</title>
<meta http-equiv="Content-Type" content="text/html;charset=utf-8" />
  <meta name='ocr-system' content='tesseract 3.04.00' />
  <meta name='ocr-capabilities' content='ocr_page ocr_carea ocr_par ocr_line ocrx_word'/>
</head>
<body>
  <div class='ocr_page' id='page_1' title='image "4737201_0101.png"; bbox 0 0 1787 3205; ppageno 0'>
   <div class='ocr_carea' id='block_1_1' title="bbox 359 258 1483 313">
    <p class='ocr_par' dir='ltr' id='par_1_1' title="bbox 359 258 1483 313">
     <span class='ocr_line' id='line_1_1' title="bbox 359 258 1483 313; baseline 0.002 -2"><span class='ocrx_word' id='word_1_1' title='bbox 359 261 456 312; x_wconf 84' lang='lat' dir='ltr'><strong>DE</strong></span> <span class='ocrx_word' id='word_1_2' title='bbox 476 259 817 313; x_wconf 76' lang='lat' dir='ltr'>COLONHS</span> <span class='ocrx_word' id='word_1_3' title='bbox 848 261 1224 312; x_wconf 62' lang='lat' dir='ltr'><strong>&#39;VETERUMo</strong></span> <span class='ocrx_word' id='word_1_4' title='bbox 1419 258 1483 313; x_wconf 69' lang='lat'><strong>83</strong></span> 
     </span>
    </p>
   </div>
   <div class='ocr_carea' id='block_1_2' title="bbox 106 419 1485 1257">
    <p class='ocr_par' dir='ltr' id='par_1_2' title="bbox 112 419 1485 867">
     <span class='ocr_line' id='line_1_2' title="bbox 115 419 1485 484; baseline 0.001 -17"><span class='ocrx_word' id='word_1_5' title='bbox 115 425 333 470; x_wconf 72' lang='lat' dir='ltr'><strong>creatum</strong></span> <span class='ocrx_word' id='word_1_6' title='bbox 348 453 364 481; x_wconf 95' lang='lat'>,</span> <span class='ocrx_word' id='word_1_7' title='bbox 405 421 666 469; x_wconf 57' lang='lat' dir='ltr'><strong>*oraculum</strong></span> <span class='ocrx_word' id='word_1_8' title='bbox 692 419 1006 468; x_wconf 88' lang='lat' dir='ltr'><strong>confirmaret</strong></span> <span class='ocrx_word' id='word_1_9' title='bbox 1018 420 1159 484; x_wconf 80' lang='lat'><em>(182)</em></span> <span class='ocrx_word' id='word_1_10' title='bbox 1178 456 1193 482; x_wconf 90' lang='lat'>‚</span> <span class='ocrx_word' id='word_1_11' title='bbox 1214 419 1308 470; x_wconf 87' lang='lat' dir='ltr'><strong>five</strong></span> <span class='ocrx_word' id='word_1_12' title='bbox 1335 419 1485 468; x_wconf 85' lang='lat' dir='ltr'><strong>etiam</strong></span> 
     </span>
     <span class='ocr_line' id='line_1_3' title="bbox 114 489 1483 561; baseline 0.001 -18"><span class='ocrx_word' id='word_1_13' title='bbox 114 499 287 544; x_wconf 87' lang='lat' dir='ltr'><strong>ducem</strong></span> <span class='ocrx_word' id='word_1_14' title='bbox 332 494 492 559; x_wconf 87' lang='lat' dir='ltr'><strong>ipsum</strong></span> <span class='ocrx_word' id='word_1_15' title='bbox 533 498 802 560; x_wconf 71' lang='lat' dir='ltr'><strong>designaret</strong></span> <span class='ocrx_word' id='word_1_16' title='bbox 831 497 988 560; x_wconf 82' lang='lat'><strong>(185).</strong></span> <span class='ocrx_word' id='word_1_17' title='bbox 1060 498 1240 544; x_wconf 86' lang='lat' dir='ltr'><strong>Plures</strong></span> <span class='ocrx_word' id='word_1_18' title='bbox 1290 489 1483 561; x_wconf 78' lang='lat' dir='ltr'><strong>saepius</strong></span> 
     </span>
     <span class='ocr_line' id='line_1_4' title="bbox 118 567 1482 622; baseline 0.001 -2"><span class='ocrx_word' id='word_1_19' title='bbox 118 575 274 621; x_wconf 83' lang='lat' dir='ltr'><strong>unius</strong></span> <span class='ocrx_word' id='word_1_20' title='bbox 314 573 530 622; x_wconf 88' lang='lat' dir='ltr'><strong>coloniae</strong></span> <span class='ocrx_word' id='word_1_21' title='bbox 569 575 718 621; x_wconf 85' lang='lat' dir='ltr'><strong>duces</strong></span> <span class='ocrx_word' id='word_1_22' title='bbox 765 567 992 621; x_wconf 85' lang='lat' dir='ltr'><strong>fuerunt.</strong></span> <span class='ocrx_word' id='word_1_23' title='bbox 1062 573 1139 620; x_wconf 91' lang='lat' dir='ltr'><strong>Ita</strong></span> <span class='ocrx_word' id='word_1_24' title='bbox 1175 589 1224 621; x_wconf 73' lang='lat' dir='ltr'><strong>v.</strong></span> <span class='ocrx_word' id='word_1_25' title='bbox 1255 590 1298 619; x_wconf 87' lang='lat' dir='ltr'><strong>c.</strong></span> <span class='ocrx_word' id='word_1_26' title='bbox 1338 575 1482 621; x_wconf 92' lang='lat' dir='ltr'><strong>colo-</strong></span> 
     </span>
     <span class='ocr_line' id='line_1_5' title="bbox 113 650 1481 700; baseline 0 -2"><span class='ocrx_word' id='word_1_27' title='bbox 113 651 250 698; x_wconf 87' lang='lat' dir='ltr'><strong>niam</strong></span> <span class='ocrx_word' id='word_1_28' title='bbox 288 651 503 700; x_wconf 88' lang='lat' dir='ltr'><strong>Ionicam</strong></span> <span class='ocrx_word' id='word_1_29' title='bbox 546 650 598 700; x_wconf 89' lang='lat' dir='ltr'><strong>in</strong></span> <span class='ocrx_word' id='word_1_30' title='bbox 641 650 804 700; x_wconf 84' lang='lat' dir='ltr'><strong>Afiam</strong></span> <span class='ocrx_word' id='word_1_31' title='bbox 848 652 1090 699; x_wconf 85' lang='lat' dir='ltr'><strong>minorem</strong></span> <span class='ocrx_word' id='word_1_32' title='bbox 1131 650 1317 698; x_wconf 81' lang='lat' dir='ltr'><strong>Neleus</strong></span> <span class='ocrx_word' id='word_1_33' title='bbox 1346 658 1481 698; x_wconf 83' lang='lat' dir='ltr'><strong>cete-</strong></span> 
     </span>
     <span class='ocr_line' id='line_1_6' title="bbox 112 727 1479 790; baseline -0.001 -15"><span class='ocrx_word' id='word_1_34' title='bbox 112 729 258 790; x_wconf 82' lang='lat' dir='ltr'><strong>rique</strong></span> <span class='ocrx_word' id='word_1_35' title='bbox 302 729 466 775; x_wconf 87' lang='lat' dir='ltr'><strong>Codri·</strong></span> <span class='ocrx_word' id='word_1_36' title='bbox 496 728 586 775; x_wconf 88' lang='lat' dir='ltr'><strong>filii</strong></span> <span class='ocrx_word' id='word_1_37' title='bbox 631 729 959 776; x_wconf 80' lang='lat' dir='ltr'><strong>deduxerunt.</strong></span> <span class='ocrx_word' id='word_1_38' title='bbox 1034 727 1280 775; x_wconf 86' lang='lat' dir='ltr'><strong>Omnibus</strong></span> <span class='ocrx_word' id='word_1_39' title='bbox 1311 736 1479 775; x_wconf 84' lang='lat' dir='ltr'><strong>tamen</strong></span> 
     </span>
     <span class='ocr_line' id='line_1_7' title="bbox 112 803 1062 867; baseline 0.002 -15"><span class='ocrx_word' id='word_1_40' title='bbox 112 805 190 853; x_wconf 82' lang='lat' dir='ltr'><strong>his</strong></span> <span class='ocrx_word' id='word_1_41' title='bbox 220 821 353 853; x_wconf 82' lang='lat' dir='ltr'><strong>unus</strong></span> <span class='ocrx_word' id='word_1_42' title='bbox 381 803 650 867; x_wconf 71' lang='lat' dir='ltr'><strong>praefuisse</strong></span> <span class='ocrx_word' id='word_1_43' title='bbox 680 806 877 853; x_wconf 80' lang='lat' dir='ltr'><strong>videtur</strong></span> <span class='ocrx_word' id='word_1_44' title='bbox 908 805 1062 867; x_wconf 77' lang='lat'><strong>(184).</strong></span> 
     </span>
    </p>

    <p class='ocr_par' dir='ltr' id='par_1_3' title="bbox 106 879 1479 1257">
     <span class='ocr_line' id='line_1_8' title="bbox 178 879 1476 942; baseline -0.001 -16"><span class='ocrx_word' id='word_1_45' title='bbox 178 880 353 942; x_wconf 82' lang='lat' dir='ltr'><strong>Neque</strong></span> <span class='ocrx_word' id='word_1_46' title='bbox 401 880 522 927; x_wconf 70' lang='lat' dir='ltr'><strong>levis</strong></span> <span class='ocrx_word' id='word_1_47' title='bbox 561 880 718 926; x_wconf 77' lang='lat' dir='ltr'><strong>honos</strong></span> <span class='ocrx_word' id='word_1_48' title='bbox 754 879 1031 926; x_wconf 75' lang='lat' dir='ltr'><strong>habebatur</strong></span> <span class='ocrx_word' id='word_1_49' title='bbox 1062 880 1124 925; x_wconf 89' lang='lat' dir='ltr'><strong>ab</strong></span> <span class='ocrx_word' id='word_1_50' title='bbox 1156 881 1359 926; x_wconf 88' lang='lat' dir='ltr'><strong>oraculo</strong></span> <span class='ocrx_word' id='word_1_51' title='bbox 1384 893 1476 926; x_wconf 81' lang='lat' dir='ltr'><strong>co·-</strong></span> 
     </span>
     <span class='ocr_line' id='line_1_9' title="bbox 110 956 1479 1020; baseline 0.001 -15"><span class='ocrx_word' id='word_1_52' title='bbox 110 958 274 1005; x_wconf 84' lang='lat' dir='ltr'><strong>loniae</strong></span> <span class='ocrx_word' id='word_1_53' title='bbox 313 957 489 1004; x_wconf 87' lang='lat' dir='ltr'><strong>ducem</strong></span> <span class='ocrx_word' id='word_1_54' title='bbox 531 956 682 1003; x_wconf 83' lang='lat' dir='ltr'><strong>fuisse</strong></span> <span class='ocrx_word' id='word_1_55' title='bbox 712 965 930 1006; x_wconf 86' lang='lat' dir='ltr'><strong>creatum</strong></span> <span class='ocrx_word' id='word_1_56' title='bbox 949 989 966 1019; x_wconf 83' lang='lat'>‚</span> <span class='ocrx_word' id='word_1_57' title='bbox 1012 964 1249 1020; x_wconf 88' lang='lat' dir='ltr'><strong>tantaque</strong></span> <span class='ocrx_word' id='word_1_58' title='bbox 1279 958 1479 1020; x_wconf 88' lang='lat' dir='ltr'><strong>quidem</strong></span> 
     </span>
     <span class='ocr_line' id='line_1_10' title="bbox 109 1032 1479 1097; baseline 0 -16"><span class='ocrx_word' id='word_1_59' title='bbox 109 1049 229 1097; x_wconf 74' lang='lat' dir='ltr'><strong>erga</strong></span> <span class='ocrx_word' id='word_1_60' title='bbox 251 1034 401 1097; x_wconf 72' lang='lat' dir='ltr'><strong>duces</strong></span> <span class='ocrx_word' id='word_1_61' title='bbox 438 1032 536 1079; x_wconf 89' lang='lat' dir='ltr'><strong>fuit</strong></span> <span class='ocrx_word' id='word_1_62' title='bbox 567 1033 844 1081; x_wconf 86' lang='lat' dir='ltr'><strong>reverentia</strong></span> <span class='ocrx_word' id='word_1_63' title='bbox 858 1064 872 1093; x_wconf 87' lang='lat'>‚</span> <span class='ocrx_word' id='word_1_64' title='bbox 899 1041 958 1080; x_wconf 90' lang='lat' dir='ltr'><strong>ut</strong></span> <span class='ocrx_word' id='word_1_65' title='bbox 983 1035 1205 1081; x_wconf 89' lang='lat' dir='ltr'><strong>coloniae</strong></span> <span class='ocrx_word' id='word_1_66' title='bbox 1227 1049 1310 1080; x_wconf 85' lang='lat' dir='ltr'><strong>eos</strong></span> <span class='ocrx_word' id='word_1_67' title='bbox 1334 1036 1479 1081; x_wconf 85' lang='lat' dir='ltr'><strong>hero-</strong></span> 
     </span>
     <span class='ocr_line' id='line_1_11' title="bbox 113 1109 1478 1175; baseline 0 -17"><span class='ocrx_word' id='word_1_68' title='bbox 113 1128 201 1158; x_wconf 91' lang='lat' dir='ltr'><strong>um</strong></span> <span class='ocrx_word' id='word_1_69' title='bbox 225 1109 375 1157; x_wconf 85' lang='lat' dir='ltr'><strong>instar</strong></span> <span class='ocrx_word' id='word_1_70' title='bbox 405 1110 595 1157; x_wconf 84' lang='lat' dir='ltr'><strong>honore</strong></span> <span class='ocrx_word' id='word_1_71' title='bbox 618 1111 1038 1172; x_wconf 87' lang='lat' dir='ltr'><strong>prosequerentur</strong></span> <span class='ocrx_word' id='word_1_72' title='bbox 1056 1145 1072 1172; x_wconf 90' lang='lat'>,</span> <span class='ocrx_word' id='word_1_73' title='bbox 1105 1120 1184 1174; x_wconf 86' lang='lat' dir='ltr'><strong>et,</strong></span> <span class='ocrx_word' id='word_1_74' title='bbox 1213 1119 1478 1175; x_wconf 85' lang='lat' dir='ltr'><strong>postquam</strong></span> 
     </span>
     <span class='ocr_line' id='line_1_12' title="bbox 106 1186 1479 1257; baseline 0 -22"><span class='ocrx_word' id='word_1_75' title='bbox 106 1189 208 1235; x_wconf 76' lang='lat' dir='ltr'><strong>vita</strong></span> <span class='ocrx_word' id='word_1_76' title='bbox 234 1186 542 1235; x_wconf 76' lang='lat' dir='ltr'><strong>excessissent</strong></span> <span class='ocrx_word' id='word_1_77' title='bbox 558 1220 575 1247; x_wconf 87' lang='lat'>,</span> <span class='ocrx_word' id='word_1_78' title='bbox 611 1187 664 1233; x_wconf 90' lang='lat' dir='ltr'><strong>in</strong></span> <span class='ocrx_word' id='word_1_79' title='bbox 693 1186 939 1257; x_wconf 79' lang='lat' dir='ltr'><strong>Divorum</strong></span> <span class='ocrx_word' id='word_1_80' title='bbox 969 1202 1233 1234; x_wconf 90' lang='lat' dir='ltr'><strong>numerum</strong></span> <span class='ocrx_word' id='word_1_81' title='bbox 1259 1188 1479 1235; x_wconf 88' lang='lat' dir='ltr'><strong>colloca-</strong></span> 
     </span>
    </p>
   </div>
   <div class='ocr_carea' id='block_1_3' title="bbox 15 1262 1476 1329">
    <p class='ocr_par' dir='ltr' id='par_1_4' title="bbox 15 1262 1476 1329">
     <span class='ocr_line' id='line_1_13' title="bbox 15 1262 1476 1329; baseline 0.001 -18"><span class='ocrx_word' id='word_1_82' title='bbox 15 1271 20 1277; x_wconf 87' lang='grc'><em>“</em></span> <span class='ocrx_word' id='word_1_83' title='bbox 106 1271 249 1326; x_wconf 85' lang='lat' dir='ltr'><strong>rent,</strong></span> <span class='ocrx_word' id='word_1_84' title='bbox 274 1263 768 1329; x_wconf 22' lang='lat' dir='ltr'><strong>multisquewsaeculis</strong></span> <span class='ocrx_word' id='word_1_85' title='bbox 792 1270 908 1326; x_wconf 89' lang='lat' dir='ltr'><strong>post</strong></span> <span class='ocrx_word' id='word_1_86' title='bbox 930 1264 991 1311; x_wconf 83' lang='lat' dir='ltr'><strong>iis</strong></span> <span class='ocrx_word' id='word_1_87' title='bbox 1015 1262 1295 1313; x_wconf 86' lang='lat' dir='ltr'><strong>tribuerent</strong></span> <span class='ocrx_word' id='word_1_88' title='bbox 1308 1265 1476 1312; x_wconf 87' lang='lat' dir='ltr'><strong>hono·-</strong></span> 
     </span>
    </p>
   </div>
   <div class='ocr_carea' id='block_1_4' title="bbox 102 1341 1477 1772">
    <p class='ocr_par' dir='ltr' id='par_1_5' title="bbox 105 1341 1476 1480">
     <span class='ocr_line' id='line_1_14' title="bbox 107 1341 1476 1404; baseline 0.001 -17"><span class='ocrx_word' id='word_1_89' title='bbox 107 1356 218 1402; x_wconf 84' lang='lat' dir='ltr'><strong>res,</strong></span> <span class='ocrx_word' id='word_1_90' title='bbox 251 1341 369 1387; x_wconf 85' lang='lat' dir='ltr'><strong>adeo</strong></span> <span class='ocrx_word' id='word_1_91' title='bbox 395 1347 454 1387; x_wconf 93' lang='lat' dir='ltr'><strong>ut</strong></span> <span class='ocrx_word' id='word_1_92' title='bbox 484 1347 804 1387; x_wconf 88' lang='lat' dir='ltr'><strong>monumenta</strong></span> <span class='ocrx_word' id='word_1_93' title='bbox 834 1341 896 1387; x_wconf 82' lang='lat' dir='ltr'><strong>iis</strong></span> <span class='ocrx_word' id='word_1_94' title='bbox 928 1342 1171 1404; x_wconf 86' lang='lat' dir='ltr'><strong>erigerent</strong></span> <span class='ocrx_word' id='word_1_95' title='bbox 1187 1376 1203 1402; x_wconf 91' lang='lat'><strong>,</strong></span> <span class='ocrx_word' id='word_1_96' title='bbox 1234 1342 1368 1389; x_wconf 87' lang='lat' dir='ltr'><strong>sacra</strong></span> <span class='ocrx_word' id='word_1_97' title='bbox 1391 1341 1476 1389; x_wconf 88' lang='lat' dir='ltr'><strong>fa-</strong></span> 
     </span>
     <span class='ocr_line' id='line_1_15' title="bbox 105 1415 1474 1480; baseline 0.001 -16"><span class='ocrx_word' id='word_1_98' title='bbox 105 1424 303 1479; x_wconf 86' lang='lat' dir='ltr'><strong>cerent,</strong></span> <span class='ocrx_word' id='word_1_99' title='bbox 343 1415 515 1465; x_wconf 88' lang='lat' dir='ltr'><strong>urbem</strong></span> <span class='ocrx_word' id='word_1_100' title='bbox 541 1416 810 1464; x_wconf 79' lang='lat' dir='ltr'><strong>conditoris</strong></span> <span class='ocrx_word' id='word_1_101' title='bbox 832 1418 1034 1464; x_wconf 89' lang='lat' dir='ltr'><strong>nomine</strong></span> <span class='ocrx_word' id='word_1_102' title='bbox 1064 1418 1356 1480; x_wconf 72' lang='lat' dir='ltr'><strong>insignirent</strong></span> <span class='ocrx_word' id='word_1_103' title='bbox 1381 1427 1474 1477; x_wconf 79' lang='lat' dir='ltr'><strong>aut</strong></span> 
     </span>
    </p>

    <p class='ocr_par' dir='ltr' id='par_1_6' title="bbox 102 1492 1477 1772">
     <span class='ocr_line' id='line_1_16' title="bbox 102 1492 1236 1557; baseline 0 -15"><span class='ocrx_word' id='word_1_104' title='bbox 102 1509 342 1543; x_wconf 76' lang='lat' dir='ltr'><strong>nummos·</strong></span> <span class='ocrx_word' id='word_1_105' title='bbox 359 1493 465 1541; x_wconf 79' lang='lat' dir='ltr'><strong>eius</strong></span> <span class='ocrx_word' id='word_1_106' title='bbox 497 1494 702 1541; x_wconf 86' lang='lat' dir='ltr'><strong>nomine</strong></span> <span class='ocrx_word' id='word_1_107' title='bbox 730 1492 1053 1541; x_wconf 85' lang='lat' dir='ltr'><strong>inscriberent</strong></span> <span class='ocrx_word' id='word_1_108' title='bbox 1082 1494 1236 1557; x_wconf 88' lang='grc' dir='ltr'><strong>(ι85).</strong></span> 
     </span>
     <span class='ocr_line' id='line_1_17' title="bbox 171 1569 1477 1632; baseline 0 -14"><span class='ocrx_word' id='word_1_109' title='bbox 171 1569 277 1631; x_wconf 90' lang='lat' dir='ltr'><strong>Qui</strong></span> <span class='ocrx_word' id='word_1_110' title='bbox 324 1570 544 1620; x_wconf 86' lang='lat' dir='ltr'><strong>coloniae</strong></span> <span class='ocrx_word' id='word_1_111' title='bbox 591 1569 899 1618; x_wconf 80' lang='lat' dir='ltr'><strong>deducendae</strong></span> <span class='ocrx_word' id='word_1_112' title='bbox 938 1572 1211 1632; x_wconf 80' lang='lat' dir='ltr'><strong>participes</strong></span> <span class='ocrx_word' id='word_1_113' title='bbox 1256 1571 1359 1619; x_wconf 82' lang='lat' dir='ltr'><strong>esse</strong></span> <span class='ocrx_word' id='word_1_114' title='bbox 1387 1570 1477 1618; x_wconf 81' lang='lat' dir='ltr'><strong>fibi</strong></span> 
     </span>
     <span class='ocr_line' id='line_1_18' title="bbox 104 1646 1475 1711; baseline -0.001 -15"><span class='ocrx_word' id='word_1_115' title='bbox 104 1650 495 1711; x_wconf 80' lang='lat' dir='ltr'><strong>proposuerant,</strong></span> <span class='ocrx_word' id='word_1_116' title='bbox 529 1646 727 1695; x_wconf 90' lang='lat' dir='ltr'><strong>tabulae</strong></span> <span class='ocrx_word' id='word_1_117' title='bbox 750 1647 942 1695; x_wconf 87' lang='lat' dir='ltr'><strong>cuidam</strong></span> <span class='ocrx_word' id='word_1_118' title='bbox 960 1682 976 1709; x_wconf 89' lang='lat'>‚</span> <span class='ocrx_word' id='word_1_119' title='bbox 1021 1663 1149 1711; x_wconf 87' lang='lat' dir='ltr'><strong>quae</strong></span> <span class='ocrx_word' id='word_1_120' title='bbox 1175 1647 1365 1699; x_wconf 82' lang='grc' dir='ltr'><em>ἆποίκια</em></span> <span class='ocrx_word' id='word_1_121' title='bbox 1395 1650 1475 1696; x_wconf 88' lang='lat' dir='ltr'><strong>di·-</strong></span> 
     </span>
     <span class='ocr_line' id='line_1_19' title="bbox 1387 1741 1474 1772; baseline 0.011 -1"><span class='ocrx_word' id='word_1_122' title='bbox 1387 1741 1474 1772; x_wconf 77' lang='lat' dir='ltr'><strong>ce-</strong></span> 
     </span>
    </p>
   </div>
   <div class='ocr_carea' id='block_1_5' title="bbox 94 1840 1470 2568">
    <p class='ocr_par' dir='ltr' id='par_1_7' title="bbox 152 1840 1229 1898">
     <span class='ocr_line' id='line_1_20' title="bbox 152 1840 1229 1898; baseline -0.003 -12"><span class='ocrx_word' id='word_1_123' title='bbox 152 1844 283 1898; x_wconf 80' lang='lat'><em>(182)</em></span> <span class='ocrx_word' id='word_1_124' title='bbox 312 1844 552 1894; x_wconf 71' lang='lat' dir='ltr'><strong>Exemplum</strong></span> <span class='ocrx_word' id='word_1_125' title='bbox 579 1852 638 1882; x_wconf 88' lang='lat' dir='ltr'><strong>est</strong></span> <span class='ocrx_word' id='word_1_126' title='bbox 661 1840 763 1891; x_wconf 80' lang='lat' dir='ltr'><strong>apud</strong></span> <span class='ocrx_word' id='word_1_127' title='bbox 788 1852 1054 1883; x_wconf 66' lang='lat' dir='ltr'><strong>uenenorum</strong></span> <span class='ocrx_word' id='word_1_128' title='bbox 1083 1843 1132 1882; x_wconf 88' lang='lat' dir='ltr'><strong>V.</strong></span> <span class='ocrx_word' id='word_1_129' title='bbox 1163 1854 1229 1894; x_wconf 85' lang='lat'><strong>43.</strong></span> 
     </span>
    </p>

    <p class='ocr_par' dir='ltr' id='par_1_8' title="bbox 98 1899 1470 2201">
     <span class='ocr_line' id='line_1_21' title="bbox 150 1899 1470 1959; baseline -0.007 -10"><span class='ocrx_word' id='word_1_130' title='bbox 150 1899 282 1959; x_wconf 77' lang='lat'>(183)</span> <span class='ocrx_word' id='word_1_131' title='bbox 311 1907 546 1955; x_wconf 85' lang='lat' dir='ltr'><strong>Exemplum</strong></span> <span class='ocrx_word' id='word_1_132' title='bbox 570 1903 620 1943; x_wconf 86' lang='lat' dir='ltr'><strong>de</strong></span> <span class='ocrx_word' id='word_1_133' title='bbox 646 1900 823 1942; x_wconf 81' lang='lat' dir='ltr'><strong>Miltiade</strong></span> <span class='ocrx_word' id='word_1_134' title='bbox 846 1911 906 1941; x_wconf 82' lang='lat' dir='ltr'><strong>est</strong></span> <span class='ocrx_word' id='word_1_135' title='bbox 926 1903 1028 1952; x_wconf 81' lang='lat' dir='ltr'><strong>apud</strong></span> <span class='ocrx_word' id='word_1_136' title='bbox 1050 1902 1202 1944; x_wconf 74' lang='lat' dir='ltr'><strong>eundem</strong></span> <span class='ocrx_word' id='word_1_137' title='bbox 1214 1904 1470 1955; x_wconf 75' lang='lat' dir='ltr'><strong>VL34-36,</strong></span> 
     </span>
     <span class='ocr_line' id='line_1_22' title="bbox 100 1962 1467 2015; baseline -0.002 -5"><span class='ocrx_word' id='word_1_138' title='bbox 100 1969 172 2010; x_wconf 86' lang='lat' dir='ltr'><strong>Cf.</strong></span> <span class='ocrx_word' id='word_1_139' title='bbox 205 1975 334 2009; x_wconf 68' lang='lat' dir='ltr'><strong>utros</strong></span> <span class='ocrx_word' id='word_1_140' title='bbox 359 1968 396 2007; x_wconf 82' lang='lat' dir='ltr'><strong>in</strong></span> <span class='ocrx_word' id='word_1_141' title='bbox 422 1963 622 2007; x_wconf 80' lang='lat' dir='ltr'><strong>Miltiade.</strong></span> <span class='ocrx_word' id='word_1_142' title='bbox 648 1975 686 2004; x_wconf 86' lang='lat' dir='ltr'><strong>c.</strong></span> <span class='ocrx_word' id='word_1_143' title='bbox 712 1971 748 2005; x_wconf 83' lang='lat'><strong>1.</strong></span> <span class='ocrx_word' id='word_1_144' title='bbox 802 1962 902 2003; x_wconf 87' lang='lat' dir='ltr'><strong>Hinc</strong></span> <span class='ocrx_word' id='word_1_145' title='bbox 922 1962 1083 2004; x_wconf 74' lang='lat' dir='ltr'><strong>forsitan</strong></span> <span class='ocrx_word' id='word_1_146' title='bbox 1101 1964 1357 2015; x_wconf 80' lang='lat' dir='ltr'><strong>repetendum</strong></span> <span class='ocrx_word' id='word_1_147' title='bbox 1378 1978 1467 2012; x_wconf 85' lang='lat' dir='ltr'><strong>est.</strong></span> 
     </span>
     <span class='ocr_line' id='line_1_23' title="bbox 99 2026 1466 2081; baseline -0.001 -10"><span class='ocrx_word' id='word_1_148' title='bbox 99 2032 210 2081; x_wconf 88' lang='lat' dir='ltr'><strong>quod</strong></span> <span class='ocrx_word' id='word_1_149' title='bbox 247 2040 520 2080; x_wconf 78' lang='lat' dir='ltr'><strong>nonnunquam</strong></span> <span class='ocrx_word' id='word_1_150' title='bbox 550 2027 706 2067; x_wconf 77' lang='lat' dir='ltr'><strong>colonia</strong></span> <span class='ocrx_word' id='word_1_151' title='bbox 738 2037 815 2064; x_wconf 88' lang='lat' dir='ltr'><strong>non</strong></span> <span class='ocrx_word' id='word_1_152' title='bbox 845 2026 893 2064; x_wconf 82' lang='lat' dir='ltr'><strong>ab</strong></span> <span class='ocrx_word' id='word_1_153' title='bbox 925 2027 1095 2066; x_wconf 82' lang='lat' dir='ltr'><strong>eiusdem</strong></span> <span class='ocrx_word' id='word_1_154' title='bbox 1131 2029 1302 2068; x_wconf 78' lang='lat' dir='ltr'><strong>civitatis</strong></span> <span class='ocrx_word' id='word_1_155' title='bbox 1335 2029 1466 2078; x_wconf 73' lang='lat' dir='ltr'><strong>duce,</strong></span> 
     </span>
     <span class='ocr_line' id='line_1_24' title="bbox 100 2088 1466 2142; baseline -0.001 -12"><span class='ocrx_word' id='word_1_156' title='bbox 100 2094 163 2139; x_wconf 84' lang='lat' dir='ltr'><strong>sed</strong></span> <span class='ocrx_word' id='word_1_157' title='bbox 198 2094 245 2131; x_wconf 85' lang='lat' dir='ltr'><strong>ab</strong></span> <span class='ocrx_word' id='word_1_158' title='bbox 287 2101 426 2131; x_wconf 87' lang='lat' dir='ltr'><strong>extero</strong></span> <span class='ocrx_word' id='word_1_159' title='bbox 463 2090 750 2134; x_wconf 80' lang='lat' dir='ltr'><strong>deducebatur;</strong></span> <span class='ocrx_word' id='word_1_160' title='bbox 784 2088 897 2126; x_wconf 80' lang='lat' dir='ltr'><strong>cuius</strong></span> <span class='ocrx_word' id='word_1_161' title='bbox 933 2088 989 2126; x_wconf 87' lang='lat' dir='ltr'><strong>rei</strong></span> <span class='ocrx_word' id='word_1_162' title='bbox 1025 2091 1204 2139; x_wconf 85' lang='lat' dir='ltr'><strong>exempla</strong></span> <span class='ocrx_word' id='word_1_163' title='bbox 1239 2091 1324 2131; x_wconf 84' lang='lat' dir='ltr'><strong>sunt</strong></span> <span class='ocrx_word' id='word_1_164' title='bbox 1364 2092 1466 2142; x_wconf 79' lang='lat' dir='ltr'><strong>apud</strong></span> 
     </span>
     <span class='ocr_line' id='line_1_25' title="bbox 98 2143 678 2201; baseline -0.009 -7"><span class='ocrx_word' id='word_1_165' title='bbox 98 2163 336 2194; x_wconf 70' lang='grc' dir='ltr'><strong>ΡΑυεΛΝιΑΜ</strong></span> <span class='ocrx_word' id='word_1_166' title='bbox 359 2151 449 2191; x_wconf 86' lang='lat' dir='ltr'><strong>VII.</strong></span> <span class='ocrx_word' id='word_1_167' title='bbox 475 2143 566 2201; x_wconf 64' lang='grc' dir='ltr'><strong>ρας.</strong></span> <span class='ocrx_word' id='word_1_168' title='bbox 588 2150 678 2200; x_wconf 86' lang='grc'><strong>398.</strong></span> 
     </span>
    </p>

    <p class='ocr_par' dir='ltr' id='par_1_9' title="bbox 148 2208 1408 2265">
     <span class='ocr_line' id='line_1_26' title="bbox 148 2208 1408 2265; baseline 0.001 -13"><span class='ocrx_word' id='word_1_169' title='bbox 148 2213 275 2265; x_wconf 79' lang='lat'>(184)</span> <span class='ocrx_word' id='word_1_170' title='bbox 303 2213 372 2252; x_wconf 88' lang='lat' dir='ltr'><strong>Cf.</strong></span> <span class='ocrx_word' id='word_1_171' title='bbox 403 2219 719 2252; x_wconf 68' lang='lat' dir='ltr'><strong>wessummum</strong></span> <span class='ocrx_word' id='word_1_172' title='bbox 747 2208 794 2247; x_wconf 79' lang='lat' dir='ltr'><strong>ad</strong></span> <span class='ocrx_word' id='word_1_173' title='bbox 821 2219 1046 2250; x_wconf 72' lang='lat' dir='ltr'><strong>mononum</strong></span> <span class='ocrx_word' id='word_1_174' title='bbox 1074 2220 1152 2253; x_wconf 76' lang='lat' dir='ltr'><strong>sle.</strong></span> <span class='ocrx_word' id='word_1_175' title='bbox 1180 2212 1275 2252; x_wconf 81' lang='lat' dir='ltr'><strong>xll.</strong></span> <span class='ocrx_word' id='word_1_176' title='bbox 1304 2223 1367 2253; x_wconf 86' lang='lat'><strong>10.</strong></span> <span class='ocrx_word' id='word_1_177' title='bbox 1405 2237 1408 2239; x_wconf 91' lang='lat'><em>-</em></span> 
     </span>
    </p>

    <p class='ocr_par' dir='ltr' id='par_1_10' title="bbox 94 2270 1467 2568">
     <span class='ocr_line' id='line_1_27' title="bbox 140 2270 1467 2328; baseline 0.001 -14"><span class='ocrx_word' id='word_1_178' title='bbox 140 2273 276 2328; x_wconf 58' lang='lat'>(185)</span> <span class='ocrx_word' id='word_1_179' title='bbox 308 2274 567 2314; x_wconf 71' lang='lat' dir='ltr'><strong>Hancne-rus</strong></span> <span class='ocrx_word' id='word_1_180' title='bbox 593 2271 665 2311; x_wconf 83' lang='lat' dir='ltr'><strong>vl.</strong></span> <span class='ocrx_word' id='word_1_181' title='bbox 687 2272 753 2320; x_wconf 86' lang='lat'><strong>38.</strong></span> <span class='ocrx_word' id='word_1_182' title='bbox 798 2270 1036 2321; x_wconf 87' lang='lat' dir='ltr'><strong>Exemplum</strong></span> <span class='ocrx_word' id='word_1_183' title='bbox 1063 2271 1182 2313; x_wconf 81' lang='lat' dir='ltr'><strong>Tenis</strong></span> <span class='ocrx_word' id='word_1_184' title='bbox 1207 2273 1351 2314; x_wconf 88' lang='lat' dir='ltr'><strong>Tenedi</strong></span> <span class='ocrx_word' id='word_1_185' title='bbox 1371 2284 1467 2315; x_wconf 84' lang='lat' dir='ltr'><strong>con.</strong></span> 
     </span>
     <span class='ocr_line' id='line_1_28' title="bbox 99 2331 1461 2385; baseline 0.001 -11"><span class='ocrx_word' id='word_1_186' title='bbox 99 2336 232 2376; x_wconf 74' lang='lat' dir='ltr'><strong>ditorls</strong></span> <span class='ocrx_word' id='word_1_187' title='bbox 253 2342 315 2376; x_wconf 77' lang='lat' dir='ltr'><strong>est</strong></span> <span class='ocrx_word' id='word_1_188' title='bbox 334 2335 436 2385; x_wconf 79' lang='lat' dir='ltr'><strong>apud</strong></span> <span class='ocrx_word' id='word_1_189' title='bbox 458 2344 701 2374; x_wconf 69' lang='lat' dir='ltr'><strong>occeanum</strong></span> <span class='ocrx_word' id='word_1_190' title='bbox 731 2331 787 2371; x_wconf 79' lang='lat' dir='ltr'><strong>N.</strong></span> <span class='ocrx_word' id='word_1_191' title='bbox 812 2333 864 2374; x_wconf 91' lang='lat' dir='ltr'><strong>D.</strong></span> <span class='ocrx_word' id='word_1_192' title='bbox 893 2332 970 2372; x_wconf 81' lang='grc' dir='ltr'><strong>ΙΙΙ.</strong></span> <span class='ocrx_word' id='word_1_193' title='bbox 1000 2345 1060 2382; x_wconf 83' lang='lat'><strong>¹5·</strong></span> <span class='ocrx_word' id='word_1_194' title='bbox 1082 2337 1123 2372; x_wconf 78' lang='lat' dir='ltr'><strong>ln</strong></span> <span class='ocrx_word' id='word_1_195' title='bbox 1140 2335 1321 2381; x_wconf 86' lang='lat' dir='ltr'><strong>Verrem,</strong></span> <span class='ocrx_word' id='word_1_196' title='bbox 1348 2336 1385 2375; x_wconf 88' lang='lat'><strong>1.</strong></span> <span class='ocrx_word' id='word_1_197' title='bbox 1403 2347 1461 2383; x_wconf 88' lang='lat'><strong>¹9-</strong></span> 
     </span>
     <span class='ocr_line' id='line_1_29' title="bbox 98 2392 1461 2444; baseline -0.001 -8"><span class='ocrx_word' id='word_1_198' title='bbox 98 2399 233 2438; x_wconf 77' lang='lat' dir='ltr'><strong>Dtou.</strong></span> <span class='ocrx_word' id='word_1_199' title='bbox 261 2407 336 2437; x_wconf 73' lang='lat' dir='ltr'><strong>sle.</strong></span> <span class='ocrx_word' id='word_1_200' title='bbox 360 2396 413 2435; x_wconf 89' lang='lat' dir='ltr'><strong>V.</strong></span> <span class='ocrx_word' id='word_1_201' title='bbox 443 2398 506 2444; x_wconf 84' lang='lat'><strong>83.</strong></span> <span class='ocrx_word' id='word_1_202' title='bbox 560 2392 748 2433; x_wconf 85' lang='lat' dir='ltr'><strong>Timefiae</strong></span> <span class='ocrx_word' id='word_1_203' title='bbox 781 2393 887 2442; x_wconf 80' lang='lat' dir='ltr'><strong>apud</strong></span> <span class='ocrx_word' id='word_1_204' title='bbox 910 2405 1061 2434; x_wconf 68' lang='lat' dir='ltr'><strong>emon.</strong></span> <span class='ocrx_word' id='word_1_205' title='bbox 1096 2396 1128 2434; x_wconf 88' lang='lat' dir='ltr'><strong>l.</strong></span> <span class='ocrx_word' id='word_1_206' title='bbox 1159 2398 1253 2441; x_wconf 86' lang='lat'>168,</span> <span class='ocrx_word' id='word_1_207' title='bbox 1283 2397 1461 2435; x_wconf 79' lang='lat' dir='ltr'><strong>Autolici</strong></span> 
     </span>
     <span class='ocr_line' id='line_1_30' title="bbox 94 2455 1461 2507; baseline -0.001 -11"><span class='ocrx_word' id='word_1_208' title='bbox 94 2461 196 2507; x_wconf 82' lang='lat' dir='ltr'><strong>apud</strong></span> <span class='ocrx_word' id='word_1_209' title='bbox 230 2469 480 2500; x_wconf 59' lang='lat' dir='ltr'><strong>&#39;sunonem</strong></span> <span class='ocrx_word' id='word_1_210' title='bbox 518 2456 613 2497; x_wconf 89' lang='lat' dir='ltr'><strong>XlI.</strong></span> <span class='ocrx_word' id='word_1_211' title='bbox 650 2467 741 2506; x_wconf 81' lang='lat' dir='ltr'><strong>pag.</strong></span> <span class='ocrx_word' id='word_1_212' title='bbox 766 2457 860 2496; x_wconf 67' lang='lat'><strong>822.</strong></span> <span class='ocrx_word' id='word_1_213' title='bbox 915 2455 1068 2497; x_wconf 79' lang='lat' dir='ltr'><strong>Therae</strong></span> <span class='ocrx_word' id='word_1_214' title='bbox 1097 2458 1199 2506; x_wconf 80' lang='lat' dir='ltr'><strong>apud</strong></span> <span class='ocrx_word' id='word_1_215' title='bbox 1221 2468 1461 2497; x_wconf 68' lang='lat' dir='ltr'><strong>PAUSANJAM</strong></span> 
     </span>
     <span class='ocr_line' id='line_1_31' title="bbox 96 2515 1459 2568; baseline 0.001 -11"><span class='ocrx_word' id='word_1_216' title='bbox 96 2519 174 2559; x_wconf 85' lang='lat'><em>111.</em></span> <span class='ocrx_word' id='word_1_217' title='bbox 202 2532 242 2568; x_wconf 85' lang='lat' dir='ltr'><strong>p.</strong></span> <span class='ocrx_word' id='word_1_218' title='bbox 280 2522 380 2566; x_wconf 84' lang='lat'>160,</span> <span class='ocrx_word' id='word_1_219' title='bbox 417 2519 512 2558; x_wconf 78' lang='lat' dir='ltr'><strong>Vll.</strong></span> <span class='ocrx_word' id='word_1_220' title='bbox 551 2529 593 2566; x_wconf 84' lang='lat' dir='ltr'><strong>p.</strong></span> <span class='ocrx_word' id='word_1_221' title='bbox 621 2518 713 2566; x_wconf 82' lang='lat'><strong>398.</strong></span> <span class='ocrx_word' id='word_1_222' title='bbox 766 2515 946 2556; x_wconf 75' lang='lat' dir='ltr'><strong>Brnfidae</strong></span> <span class='ocrx_word' id='word_1_223' title='bbox 973 2520 1075 2565; x_wconf 81' lang='lat' dir='ltr'><strong>apud</strong></span> <span class='ocrx_word' id='word_1_224' title='bbox 1102 2529 1379 2559; x_wconf 70' lang='lat' dir='ltr'><strong>&#39;rnucvolossm</strong></span> <span class='ocrx_word' id='word_1_225' title='bbox 1412 2519 1459 2558; x_wconf 74' lang='lat' dir='ltr'><strong>V.</strong></span> 
     </span>
    </p>
   </div>
   <div class='ocr_carea' id='block_1_6' title="bbox 97 2579 919 2623">
    <p class='ocr_par' dir='ltr' id='par_1_11' title="bbox 97 2579 919 2623">
     <span class='ocr_line' id='line_1_32' title="bbox 97 2579 919 2623; baseline -0.001 -3"><span class='ocrx_word' id='word_1_226' title='bbox 97 2592 156 2621; x_wconf 81' lang='grc' dir='ltr'><strong>ιι.</strong></span> <span class='ocrx_word' id='word_1_227' title='bbox 187 2581 243 2623; x_wconf 87' lang='lat' dir='ltr'><strong>cf.</strong></span> <span class='ocrx_word' id='word_1_228' title='bbox 271 2581 414 2621; x_wconf 80' lang='lat' dir='ltr'><strong>laudati</strong></span> <span class='ocrx_word' id='word_1_229' title='bbox 439 2592 459 2620; x_wconf 83' lang='lat' dir='ltr'><strong>a</strong></span> <span class='ocrx_word' id='word_1_230' title='bbox 488 2590 675 2621; x_wconf 67' lang='lat' dir='ltr'><strong>nunno.</strong></span> <span class='ocrx_word' id='word_1_231' title='bbox 702 2579 747 2618; x_wconf 79' lang='lat' dir='ltr'><strong>ad</strong></span> <span class='ocrx_word' id='word_1_232' title='bbox 775 2588 863 2617; x_wconf 84' lang='lat' dir='ltr'><strong>eum</strong></span> <span class='ocrx_word' id='word_1_233' title='bbox 891 2581 919 2620; x_wconf 92' lang='grc'><strong>1.</strong></span> 
     </span>
    </p>
   </div>
   <div class='ocr_carea' id='block_1_7' title="bbox 743 2642 848 2688">
    <p class='ocr_par' dir='ltr' id='par_1_12' title="bbox 743 2642 848 2688">
     <span class='ocr_line' id='line_1_33' title="bbox 743 2642 848 2688; baseline -0.01 0"><span class='ocrx_word' id='word_1_234' title='bbox 743 2642 848 2688; x_wconf 80' lang='lat' dir='ltr'><strong>F2</strong></span> 
     </span>
    </p>
   </div>
  </div>
 </body>
</html>
