1787 3205
208 183 275 229 68·
463 181 562 231 DE
594 182 732 232 COL
740 180 836 230 ΟΝ
839 181 923 232 IIS
963 178 1323 235 VETERUM.

213 341 456 388 ristoteles
489 342 815 406 desiderabat,
866 347 955 408 qui
998 361 1100 393 non
1133 345 1354 392 Graecos
1385 341 1573 403 solumi

217 434 387 467 verum
428 425 478 467 et
505 420 627 467 alias
657 428 826 485 gentes
854 423 1166 482 erudierant,
1201 421 1277 469 his
1293 456 1310 483 ,
1337 421 1541 483 inquam
1557 451 1574 479 ,

213 493 552 544 deficientibus
567 532 584 559 ,
609 500 845 561 antiquus
870 500 954 546 ille
978 499 1215 549 Graeciae
1242 498 1470 561 splendor
1496 496 1579 543 di-

214 573 442 621 minutus
474 580 590 636 est,
640 583 688 622 et
731 575 870 624 brevi
917 576 1067 638 plane
1104 576 1340 636 evanuit,
1377 575 1579 638 ipsaque

219 650 431 697 Graecia
445 685 462 712 ,
508 666 632 712 quae
685 657 882 697 tantum
923 652 1040 697 olim
1069 659 1176 698 erat
1214 653 1445 713 nomine,
1490 651 1580 697 de-

218 730 373 792 nique
403 729 459 776 in
498 729 628 776 alius
667 729 844 792 populi
882 729 1120 777 ditionem
1164 727 1416 777 concesfit.
1488 728 1582 774 In-

217 814 296 853 ter
332 808 524 870 optima
565 814 730 854 autem
759 807 1067 855 Graecorum
1095 806 1316 854 instituta
1346 804 1581 869 princeps

217 891 354 931 tenet
394 885 561 931 locum
615 885 770 945 illud,
822 901 921 947 quo
961 885 1177 931 colonias
1238 885 1579 943 deduxerunt,

222 961 408 1024 quibus
458 961 640 1009 multas
691 969 940 1009 terrarum
998 969 1165 1023 partes
1227 961 1581 1024 repleverunt,

221 1055 506 1101 nomenque
531 1038 783 1085 Graecum
807 1041 927 1085 adeo
958 1039 1292 1086 celebrarunt.

288 1116 391 1163 Tot
421 1124 587 1163 autem
621 1117 843 1179 undique
886 1116 1102 1163 colonias
1134 1117 1400 1163 emiserunt
1418 1151 1434 1178 ‚
1464 1122 1523 1163 ut
1551 1114 1588 1161 fi

218 1209 389 1241 earum
418 1208 683 1239 numerum
708 1193 980 1255 spectemus
997 1227 1012 1253 ,
1039 1193 1178 1239 nulla
1205 1193 1303 1239 alia
1325 1209 1444 1256 gens
1474 1209 1589 1241 cum

223 1272 431 1318 Graecis
468 1272 746 1333 comparari
781 1271 951 1333 posfit.
1027 1269 1223 1333 Operae
1261 1272 1480 1333 pretium
1516 1279 1591 1318 est

223 1348 468 1396 audivisse·
488 1343 767 1409 Senecam,'
797 1350 1046 1413 ingentem
1078 1348 1275 1394 illarum
1325 1364 1589 1395 numerum

224 1429 402 1475 merito
428 1426 710 1479 mirantem.
778 1423 808 1470 >i
833 1425 967 1484 Quid
995 1425 1083 1471 fibi
1107 1426 1284 1472 volunt
1300 1428 1352 1486 ‚''
1396 1427 1586 1488 inquit,

226 1506 328 1553 »in
359 1504 528 1550 mediis
566 1502 897 1549 barbarorum
923 1503 1208 1565 regionibus
1242 1503 1463 1550 Graecae
1499 1520 1595 1550 ur-

227 1598 258 1630 »
281 1582 407 1628 bes?
478 1579 613 1638 Quid
644 1580 776 1625 inter
808 1579 955 1624 Indos
999 1580 1268 1642 Persasque
1301 1576 1593 1627 Macedoni÷

226 1676 254 1708 2)
281 1676 368 1706 cus
414 1658 606 1705 sermo?
648 1657 846 1719 Scythia
885 1665 934 1703 et
974 1664 1108 1704 totus
1139 1658 1221 1704 ille
1262 1659 1482 1704 ferarum
1509 1659 1596 1705 in-

229 1754 257 1785 »
280 1738 681 1796 domitarumque
727 1734 946 1795 gentium
1001 1741 1189 1781 tractus
1251 1735 1472 1783 civitates
1518 1735 1593 1781 A—

229 1831 258 1863 »
281 1815 447 1861 chaiae
490 1811 711 1858 Ponticis
752 1810 1005 1872 impositas
1057 1812 1306 1860 littoribus
1359 1820 1591 1860 ostentat.

230 1892 395 1939 »Non
424 1896 696 1952 perpetuae
727 1885 900 1934 hiemis
929 1888 1154 1950 saevitia,
1192 1906 1291 1935 non
1334 1890 1594 1937 hominum

232 1969 481 2030 »ingenia
533 1967 593 2012 ad
646 1965 1012 2011 fimilitudinem
1062 1967 1184 2013 coeli
1231 1968 1305 2013 sui
1345 1968 1597 2015 horrentia

232 2063 260 2095 ))
283 2043 697 2092 transferentibus
741 2043 914 2088 domus
942 2045 1050 2088 suas
1090 2043 1410 2104 obstiterunt3
1438 2053 1597 2092 totum

240 2141 269 2171 )›
293 2123 463 2169 Italiae
495 2122 625 2168 latus
667 2120 797 2182 quod
831 2119 1061 2167 Inferiori
1089 2123 1212 2168 mari
1244 2122 1452 2173 alluitur
1488 2140 1601 2171 ma-

238 2201 368 2248 »ior
401 2198 613 2244 Graecia
644 2194 773 2242 fuit''
809 2197 960 2259 (124).

1524 2279 1604 2325 De

299 2480 428 2531 (¹24)
469 2480 646 2520 SENECA.
684 2478 790 2526 Cons.
828 2478 884 2516 ad
917 2478 1027 2518 Helv.
1063 2490 1101 2518 c.
1135 2482 1174 2518 6.
1229 2479 1395 2518 Graecas
1432 2481 1606 2518 colonias

246 2550 543 2588 enumeratum,
592 2550 923 2581 murmannus.
963 2539 1103 2590 myage
1138 2540 1187 2579 du
1212 2542 1327 2590 jeune
1352 2539 1602 2585 Anacharfis,

1527 2613 1606 2643 etc.
