1787 3205
487 242 1131 293 THESES.

742 400 893 451 XII.

131 598 479 647 Praeclaram
535 599 733 647 Solonis
797 598 998 646 dictum
1015 632 1031 660 ‚
1081 597 1221 662 quod
1257 597 1494 661 sbrvavit

199 710 443 745 VALERms
477 711 702 746 mutunus
736 694 856 747 VII.
898 711 957 757 2,
993 697 1016 760 §
1052 710 1105 743 2:
1163 694 1218 742 Si
1247 695 1300 742 in
1335 710 1495 741 unum

199 793 362 840 locum
411 794 577 840 cuncti
635 793 766 840 mala
806 793 891 839 sua
935 791 1256 839 contulissent
1273 826 1289 852 ,
1347 791 1495 839 futu-

197 877 309 937 rinn
324 925 340 952 ‚
398 897 455 938 ut
500 891 710 953 propria
756 890 1018 953 deportare
1061 888 1262 936 domum
1280 922 1296 950 ,
1343 904 1495 951 quam

195 1002 258 1033 ex
319 987 569 1045 communi
630 988 936 1034 miseriarum
993 1003 1170 1036 acervo
1214 987 1495 1049 portionem

195 1084 331 1131 suam
355 1084 486 1133 ferre
510 1085 743 1143 maUent3
772 1083 1073 1148 expreffi-sse
1097 1084 1305 1133 videtur
1330 1087 1495 1133 mmo‘-

193 1196 348 1229 Dorus
373 1181 489 1230 VII.
523 1183 633 1231 152.
662 1180 750 1230 ubi
764 1181 990 1246 scribit:
1014 1184 1059 1232 εἰ
1081 1182 1244 1241 πάντες
1268 1183 1499 1251 ἅνθρωποι

196 1279 254 1328 τὰ
278 1280 428 1339 οἶκὴϊα
461 1282 579 1331 κακὰ
603 1287 647 1340 ἐς
673 1287 812 1345 μέσον
842 1284 1155 1342 συνενείκαιεν,
1198 1281 1493 1342 ἀλλάξασθαι

192 1378 455 1443 βουλόμενοι
478 1387 592 1431 τοῖσι
615 1383 860 1441 πλησίοισι,
880 1379 1150 1448 ἐγκύψαντες
1174 1380 1234 1430 ἄν
1252 1386 1296 1439 ἐς
1320 1380 1378 1431 τᾶ
1406 1385 1495 1432 τῶν

193 1484 331 1537 πέλας
354 1479 477 1529 κακὰ
491 1519 504 1540 ,
537 1480 768 1539 ἀσπασίως
799 1485 951 1538 ἕκαςοι
982 1479 1149 1530 αὐτέων
1179 1481 1489 1548 ἀποφεροίατο

191 1578 333 1629 ὀπίσω
372 1578 430 1626 τὰ
467 1582 751 1629 ἕσενείκαντο.
826 1577 929 1625 Ubi
963 1578 1098 1624 male
1137 1577 1195 1628 τᾶ
1231 1579 1349 1629 κακὰ
1388 1596 1489 1642 per
1535 1646 1540 1653 .

195 1675 472 1723 mauvaises
503 1656 693 1722 actions
732 1675 980 1739 explicuit
1018 1690 1306 1726 LARcmmus
1321 1713 1338 1742 ,
1372 1695 1490 1727 cum

189 1770 320 1816 mala
353 1770 451 1818 five
489 1772 789 1819 calamitates
801 1772 916 1832 sint
948 1774 1304 1837 intelligenda.

615 1998 617 2000 -
674 1975 677 1979 '
708 1967 795 2016 XI
810 1966 832 2015 Ι
846 1967 884 2016 Ι.

125 2159 278 2217 Quod
319 2163 489 2210 tradit
531 2163 818 2213 manendum
855 2163 969 2215 VII.
1012 2169 1107 2216 205
1127 2203 1144 2229 ‚
1198 2167 1487 2219 Leonidam

186 2258 260 2305 ad
303 2258 679 2324 Thermopylas
720 2265 1022 2329 profhctum
1065 2267 1200 2331 essfi’,
1237 2268 1487 2334 ἐπιλεξάμε-

184 2375 265 2406 νον
313 2356 481 2425 ἆνδρας
535 2359 640 2418 τοὺς
695 2365 965 2422 κατεςεῶτας
1011 2368 1309 2431 τριηκοσίους,
1366 2363 1514 2418 vet·-¹

186 2456 398 2504 tendum
431 2466 539 2505 est:
563 2466 809 2507 trecentos
838 2469 1029 2524 certos,
1060 2464 1391 2528 constitutOS,.
1402 2468 1487 2528 fi-

185 2568 242 2599 ve
280 2560 612 2605 trecentorum
657 2557 822 2607 stabile
866 2566 913 2608 et
945 2570 1244 2626 perpetuum
1280 2583 1482 2632 agmen.

1391 2668 1488 2714 In·-
