1787 3205
0 2618 16 2649 l

440 255 534 305 DE
568 250 891 306 COLONIIS
926 246 1290 305 VETERUM.
1463 247 1562 298 165.

196 420 347 479 antea-
384 414 774 478 disputavimus-9
818 411 933 463 satis
951 413 1190 462 indicasse
1207 358 1338 460 {nihi
1366 408 1549 459 videor.

191 492 407 539 Romani
441 506 564 542 vero
578 527 594 555 ‚
640 494 758 541 aliae
781 492 939 557 plane
976 490 1126 538 secuti
1141 525 1157 552 ‚
1198 489 1420 546 colonias
1458 485 1551 549 ipfi

189 568 529 632 gubernabant
562 586 745 635 easque
758 605 762 610 -
776 571 840 619 in·
861 570 946 617 sua
977 569 1169 631 semper
1194 572 1435 630 potestate
1463 579 1550 611 re-

187 645 347 694 tinere
380 646 649 696 studebant.

816 802 921 865 §4-

225 990 230 996 .
284 952 370 1001 De
402 953 744 1015 utilitatibus,
773 971 908 1017 ,quas
935 954 1163 1001 coloniae
1191 952 1445 999 Romanis
1468 1001 1478 1010 ⁸

706 1031 1015 1078 attulerunt.

250 1182 380 1230 Cum
422 1190 589 1230 autem
622 1183 863 1231 Romanis
905 1200 937 1230 a
973 1182 1266 1245 primordiis
1289 1181 1385 1227 iam
1413 1180 1545 1245 αἰνᾶς

185 1259 303 1308 tatis
351 1258 597 1308 constanti⁸
619 1262 740 1308 esset
779 1277 918 1321 mos,
962 1268 1023 1309 ut
1057 1262 1111 1307 in
1138 1259 1287 1307 urbes
1322 1275 1353 1305 a
1382 1259 1430 1305 se
1455 1259 1547 1305 de-

169 1336 337 1384 ·victas
379 1337 569 1385 civium
612 1343 804 1399 partem
845 1337 1141 1383 deducerent
1160 1370 1175 1397 ‚
1226 1352 1329 1382 non
1379 1342 1543 1397 potest

186 1413 313 1476 quin
342 1413 480 1463 varia
503 1413 759 1461 commoda
787 1412 912 1461 illud
942 1413 1131 1462 civitati
1158 1413 1394 1460 attulerit.
1431 1411 1544 1459 Hac

183 1490 314 1537 enim
342 1498 485 1553 parte
515 1492 568 1538 in
598 1491 846 1553 coloniam
871 1491 1078 1538 deducta
1095 1524 1110 1551 ,
1157 1490 1329 1539 civitas
1372 1489 1445 1536 ab>
1478 1490 1541 1535 iis

181 1566 516 1629 liberabatur,
564 1569 687 1630 qui,
735 1583 849 1615 cum
889 1567 945 1615 in
987 1567 1093 1631 ipsa
1135 1566 1258 1614 urbe
1289 1582 1392 1613 non
1426 1567 1540 1613 satis

179 1641 419 1691 haberent
460 1644 593 1691 unde
644 1645 800 1694 vitam
835 1651 1129 1708 quaererent
1143 1679 1159 1706 ‚
1208 1644 1396 1693 civitati
1438 1659 1547 1690 ma—

175 1734 274 1783 gno
314 1718 480 1766 forent
506 1720 745 1782 periculo.

241 1793 419 1858 Neque
487 1796 580 1843 hoc
642 1796 976 1859 Tarquinium
1034 1797 1326 1859 Superbum
1376 1796 1503 1859 fugit
1518 1830 1534 1857 ,

177 1873 365 1937 quippe
394 1872 483 1936 qui
504 1906 519 1934 ,
545 1873 660 1936 quia
693 1873 815 1923 urbi
842 1874 1256 1936 multitudinem,
1298 1873 1389 1922 ubi
1411 1875 1538 1937 usus

173 1966 276 1997 non
303 1952 464 2015 eqset,
510 1953 656 1998 oneri
699 1951 915 2000 rebatur
941 1955 1047 2016 esse
1065 1987 1080 2014 ,
1112 1942 1326 2016 Signiam
1358 1952 1536 1998 Circe-

175 2029 352 2091 iosque
375 2029 576 2079 colonos
604 2030 734 2077 mifit
764 2030 921 2093 (402).
998 2030 1288 2090 Praeterea,
1322 2045 1532 2076 numero

172 2112 287 2153 ante
328 2106 479 2157 nimis
521 2121 727 2169 magun,
766 2108 970 2154 coloniis
1006 2107 1222 2154 deductis
1263 2105 1530 2153 admodum

174 2183 402 2245 minuto,
449 2184 644 2232 minore
683 2199 910 2231 annonae
948 2184 1160 2247 penuria
1199 2183 1372 2233 civitas
1410 2199 1534 2245 pre-

173 2258 440 2320 mebatur,-
464 2259 606 2307 cuius
651 2261 905 2308 necessitas
942 2261 1209 2308 identidem
1250 2261 1524 2321 crescebat,

175 2343 420 2386 crescente
449 2338 725 2407 incolarum
762 2354 985 2387 numero,
1057 2338 1167 2386 Hoc
1203 2339 1349 2387 etiam
1382 2340 1526 2386 modo

1429 2418 1533 2481 agri

223 2595 348 2650 (402)
381 2597 525 2638 was
556 2599 586 2641 Ι.
614 2601 680 2649 56.

455 2684 457 2689 ·
820 2662 864 2710 L
903 2678 929 2709 2
