<?xml version="1.0" encoding="UTF-8"?>
<!DOCTYPE html PUBLIC "-//W3C//DTD XHTML 1.0 Transitional//EN"
    "http://www.w3.org/TR/xhtml1/DTD/xhtml1-transitional.dtd">
<html xmlns="http://www.w3.org/1999/xhtml" xml:lang="en" lang="en">
 <head>
  <title>
</title>
<meta http-equiv="Content-Type" content="text/html;charset=utf-8" />
  <meta name='ocr-system' content='tesseract 3.04.00' />
  <meta name='ocr-capabilities' content='ocr_page ocr_carea ocr_par ocr_line ocrx_word'/>
</head>
<body>
  <div class='ocr_page' id='page_1' title='image "4737201_0062.png"; bbox 0 0 1787 3205; ppageno 0'>
   <div class='ocr_carea' id='block_1_1' title="bbox 210 225 1339 282">
    <p class='ocr_par' dir='ltr' id='par_1_1' title="bbox 210 225 1339 282">
     <span class='ocr_line' id='line_1_1' title="bbox 210 225 1339 282; baseline 0.002 -4"><span class='ocrx_word' id='word_1_1' title='bbox 210 229 275 278; x_wconf 78' lang='lat'>44</span> <span class='ocrx_word' id='word_1_2' title='bbox 463 228 560 277; x_wconf 87' lang='lat' dir='ltr'>DE</span> <span class='ocrx_word' id='word_1_3' title='bbox 590 225 938 277; x_wconf 57' lang='lat' dir='ltr'><strong>COLONHS‘</strong></span> <span class='ocrx_word' id='word_1_4' title='bbox 958 228 1339 282; x_wconf 66' lang='lat' dir='ltr'>VETERUM:</span> 
     </span>
    </p>
   </div>
   <div class='ocr_carea' id='block_1_2' title="bbox 202 383 1606 1978">
    <p class='ocr_par' dir='ltr' id='par_1_2' title="bbox 207 383 1572 455">
     <span class='ocr_line' id='line_1_2' title="bbox 207 383 1572 455; baseline 0.004 -20"><span class='ocrx_word' id='word_1_5' title='bbox 207 383 403 435; x_wconf 74' lang='lat' dir='ltr'>:ninum</span> <span class='ocrx_word' id='word_1_6' title='bbox 448 389 570 437; x_wconf 84' lang='lat' dir='ltr'>vita</span> <span class='ocrx_word' id='word_1_7' title='bbox 618 390 887 440; x_wconf 83' lang='lat' dir='ltr'>sublevari</span> <span class='ocrx_word' id='word_1_8' title='bbox 912 398 1065 451; x_wconf 72' lang='lat' dir='ltr'>atque</span> <span class='ocrx_word' id='word_1_9' title='bbox 1108 391 1340 441; x_wconf 81' lang='lat' dir='ltr'>adiuvari-</span> <span class='ocrx_word' id='word_1_10' title='bbox 1372 393 1572 455; x_wconf 84' lang='lat' dir='ltr'>posset,</span> 
     </span>
    </p>

    <p class='ocr_par' dir='ltr' id='par_1_3' title="bbox 208 465 1578 530">
     <span class='ocr_line' id='line_1_3' title="bbox 208 465 1578 530; baseline 0.005 -19"><span class='ocrx_word' id='word_1_11' title='bbox 208 465 383 512; x_wconf 80' lang='lat' dir='ltr'>Cretae</span> <span class='ocrx_word' id='word_1_12' title='bbox 411 466 696 514; x_wconf 79' lang='lat' dir='ltr'>inventores</span> <span class='ocrx_word' id='word_1_13' title='bbox 733 475 1096 528; x_wconf 84' lang='lat' dir='ltr'>nuncupantur</span> <span class='ocrx_word' id='word_1_14' title='bbox 1128 469 1245 530; x_wconf 76' lang='lat'><strong>(90).</strong></span> <span class='ocrx_word' id='word_1_15' title='bbox 1329 468 1502 517; x_wconf 86' lang='lat' dir='ltr'>Aeris</span> <span class='ocrx_word' id='word_1_16' title='bbox 1515 487 1578 517; x_wconf 80' lang='lat' dir='ltr'>ao</span> 
     </span>
    </p>

    <p class='ocr_par' dir='ltr' id='par_1_4' title="bbox 204 542 1575 608">
     <span class='ocr_line' id='line_1_4' title="bbox 204 542 1575 608; baseline 0.003 -20"><span class='ocrx_word' id='word_1_17' title='bbox 204 542 329 588; x_wconf 85' lang='lat' dir='ltr'>ferri</span> <span class='ocrx_word' id='word_1_18' title='bbox 361 545 609 591; x_wconf 88' lang='lat' dir='ltr'>conflandi</span> <span class='ocrx_word' id='word_1_19' title='bbox 638 546 879 591; x_wconf 82' lang='lat' dir='ltr'>rationem</span> <span class='ocrx_word' id='word_1_20' title='bbox 905 543 1149 589; x_wconf 80' lang='lat' dir='ltr'>docebant</span> <span class='ocrx_word' id='word_1_21' title='bbox 1170 553 1356 594; x_wconf 83' lang='lat' dir='ltr'>ceteros</span> <span class='ocrx_word' id='word_1_22' title='bbox 1373 580 1387 606; x_wconf 88' lang='lat'>‚</span> <span class='ocrx_word' id='word_1_23' title='bbox 1430 553 1575 608; x_wconf 74' lang='lat' dir='ltr'>post-</span> 
     </span>
    </p>

    <p class='ocr_par' dir='ltr' id='par_1_5' title="bbox 202 619 1606 1217">
     <span class='ocr_line' id='line_1_5' title="bbox 208 619 1572 681; baseline 0.002 -16"><span class='ocrx_word' id='word_1_24' title='bbox 208 635 367 681; x_wconf 42' lang='lat' dir='ltr'>quam*</span> <span class='ocrx_word' id='word_1_25' title='bbox 392 622 498 666; x_wconf 87' lang='lat' dir='ltr'>eius</span> <span class='ocrx_word' id='word_1_26' title='bbox 533 628 760 666; x_wconf 82' lang='lat' dir='ltr'>naturam</span> <span class='ocrx_word' id='word_1_27' title='bbox 795 621 849 665; x_wconf 90' lang='lat' dir='ltr'>in</span> <span class='ocrx_word' id='word_1_28' title='bbox 891 619 1201 679; x_wconf 81' lang='lat' dir='ltr'>Berecyntho</span> <span class='ocrx_word' id='word_1_29' title='bbox 1233 632 1401 668; x_wconf 87' lang='lat' dir='ltr'>monte</span> <span class='ocrx_word' id='word_1_30' title='bbox 1425 624 1572 669; x_wconf 83' lang='lat' dir='ltr'>inda-</span> 
     </span>
     <span class='ocr_line' id='line_1_6' title="bbox 202 694 1575 759; baseline 0.004 -18"><span class='ocrx_word' id='word_1_31' title='bbox 202 694 380 759; x_wconf 77' lang='lat' dir='ltr'>garant</span> <span class='ocrx_word' id='word_1_32' title='bbox 412 696 532 758; x_wconf 84' lang='lat'><strong>(9¹)·</strong></span> <span class='ocrx_word' id='word_1_33' title='bbox 615 695 790 742; x_wconf 84' lang='lat' dir='ltr'><strong>Cretae</strong></span> <span class='ocrx_word' id='word_1_34' title='bbox 826 702 991 742; x_wconf 86' lang='lat' dir='ltr'>autem</span> <span class='ocrx_word' id='word_1_35' title='bbox 1017 695 1455 744; x_wconf 71' lang='lat' dir='ltr'>insulae&#39;fitumad</span> <span class='ocrx_word' id='word_1_36' title='bbox 1482 714 1575 746; x_wconf 80' lang='lat' dir='ltr'>ex-</span> 
     </span>
     <span class='ocr_line' id='line_1_7' title="bbox 204 771 1572 834; baseline 0.001 -15"><span class='ocrx_word' id='word_1_37' title='bbox 204 774 483 834; x_wconf 86' lang='lat' dir='ltr'>peditiones</span> <span class='ocrx_word' id='word_1_38' title='bbox 546 789 637 834; x_wconf 89' lang='lat' dir='ltr'>per</span> <span class='ocrx_word' id='word_1_39' title='bbox 694 781 855 819; x_wconf 86' lang='lat' dir='ltr'>totum</span> <span class='ocrx_word' id='word_1_40' title='bbox 919 771 1084 818; x_wconf 84' lang='lat' dir='ltr'>orbem</span> <span class='ocrx_word' id='word_1_41' title='bbox 1126 781 1572 833; x_wconf 12' lang='lat' dir='ltr'>&#39;peropportunam</span> 
     </span>
     <span class='ocr_line' id='line_1_8' title="bbox 205 848 1573 912; baseline -0.001 -15"><span class='ocrx_word' id='word_1_42' title='bbox 205 848 387 911; x_wconf 86' lang='lat' dir='ltr'>fuisse,</span> <span class='ocrx_word' id='word_1_43' title='bbox 430 857 480 897; x_wconf 85' lang='lat' dir='ltr'>et</span> <span class='ocrx_word' id='word_1_44' title='bbox 519 851 724 898; x_wconf 84' lang='lat' dir='ltr'>tradunt</span> <span class='ocrx_word' id='word_1_45' title='bbox 762 850 1026 912; x_wconf 83' lang='lat' dir='ltr'><strong>scriptores</strong></span> <span class='ocrx_word' id='word_1_46' title='bbox 1071 848 1205 912; x_wconf 77' lang='lat'><strong>(92),</strong></span> <span class='ocrx_word' id='word_1_47' title='bbox 1251 856 1300 896; x_wconf 91' lang='lat' dir='ltr'>et</span> <span class='ocrx_word' id='word_1_48' title='bbox 1328 849 1573 897; x_wconf 85' lang='lat' dir='ltr'>neminem</span> 
     </span>
     <span class='ocr_line' id='line_1_9' title="bbox 209 927 1606 988; baseline 0 -15"><span class='ocrx_word' id='word_1_49' title='bbox 209 928 383 973; x_wconf 87' lang='lat' dir='ltr'>oculos</span> <span class='ocrx_word' id='word_1_50' title='bbox 429 929 479 973; x_wconf 92' lang='lat' dir='ltr'>in</span> <span class='ocrx_word' id='word_1_51' title='bbox 527 927 747 973; x_wconf 85' lang='lat' dir='ltr'>tabulam</span> <span class='ocrx_word' id='word_1_52' title='bbox 790 927 1178 988; x_wconf 85' lang='lat' dir='ltr'>Geographioam</span> <span class='ocrx_word' id='word_1_53' title='bbox 1231 927 1606 976; x_wconf 67' lang='lat' dir='ltr'>coniicientem&#39;</span> 
     </span>
     <span class='ocr_line' id='line_1_10' title="bbox 209 1003 1575 1067; baseline 0.001 -16"><span class='ocrx_word' id='word_1_54' title='bbox 209 1003 383 1067; x_wconf 83' lang='lat' dir='ltr'>fugere</span> <span class='ocrx_word' id='word_1_55' title='bbox 423 1011 605 1067; x_wconf 85' lang='lat' dir='ltr'>potest.</span> <span class='ocrx_word' id='word_1_56' title='bbox 681 1003 1017 1063; x_wconf 85' lang='lat' dir='ltr'>Quamobrem</span> <span class='ocrx_word' id='word_1_57' title='bbox 1060 1020 1174 1050; x_wconf 88' lang='lat' dir='ltr'>non.</span> <span class='ocrx_word' id='word_1_58' title='bbox 1200 1004 1440 1050; x_wconf 87' lang='lat' dir='ltr'>immerito</span> <span class='ocrx_word' id='word_1_59' title='bbox 1473 1005 1575 1057; x_wconf 81' lang='lat' dir='ltr'>hu·-</span> 
     </span>
     <span class='ocr_line' id='line_1_11' title="bbox 206 1081 1579 1144; baseline 0 -15"><span class='ocrx_word' id='word_1_60' title='bbox 206 1084 287 1129; x_wconf 91' lang='lat' dir='ltr'>ius</span> <span class='ocrx_word' id='word_1_61' title='bbox 336 1083 526 1128; x_wconf 82' lang='lat' dir='ltr'>insulae</span> <span class='ocrx_word' id='word_1_62' title='bbox 574 1082 782 1130; x_wconf 82' lang='lat' dir='ltr'>virtutes</span> <span class='ocrx_word' id='word_1_63' title='bbox 823 1082 884 1127; x_wconf 87' lang='lat' dir='ltr'>ad</span> <span class='ocrx_word' id='word_1_64' title='bbox 939 1082 1129 1143; x_wconf 73' lang='lat' dir='ltr'>coelum</span> <span class='ocrx_word' id='word_1_65' title='bbox 1168 1082 1303 1144; x_wconf 82' lang='lat' dir='ltr'>quasi</span> <span class='ocrx_word' id='word_1_66' title='bbox 1346 1081 1579 1129; x_wconf 75' lang='lat' dir='ltr'><strong>laudibus</strong></span> 
     </span>
     <span class='ocr_line' id='line_1_12' title="bbox 207 1157 1019 1217; baseline -0.002 -11"><span class='ocrx_word' id='word_1_67' title='bbox 207 1159 399 1206; x_wconf 81' lang='lat' dir='ltr'>extollit</span> <span class='ocrx_word' id='word_1_68' title='bbox 429 1159 681 1204; x_wconf 87' lang='lat' dir='ltr'>Homerus</span> <span class='ocrx_word' id='word_1_69' title='bbox 702 1192 716 1217; x_wconf 91' lang='lat'><strong>,</strong></span> <span class='ocrx_word' id='word_1_70' title='bbox 746 1157 833 1204; x_wconf 90' lang='lat' dir='ltr'>ubi</span> <span class='ocrx_word' id='word_1_71' title='bbox 857 1159 1019 1204; x_wconf 88' lang='lat' dir='ltr'>canit:</span> 
     </span>
    </p>

    <p class='ocr_par' dir='ltr' id='par_1_6' title="bbox 275 1236 1394 1303">
     <span class='ocr_line' id='line_1_13' title="bbox 275 1236 1394 1303; baseline 0.001 -17"><span class='ocrx_word' id='word_1_72' title='bbox 275 1236 436 1301; x_wconf 75' lang='grc' dir='ltr'><em>Κρήτη</em></span> <span class='ocrx_word' id='word_1_73' title='bbox 474 1257 541 1294; x_wconf 85' lang='grc' dir='ltr'>τις</span> <span class='ocrx_word' id='word_1_74' title='bbox 574 1236 657 1299; x_wconf 77' lang='grc' dir='ltr'>γᾶἰ</span> <span class='ocrx_word' id='word_1_75' title='bbox 686 1240 751 1292; x_wconf 79' lang='grc' dir='ltr'>ἕςὶ</span> <span class='ocrx_word' id='word_1_76' title='bbox 787 1240 907 1302; x_wconf 79' lang='grc' dir='ltr'><em>μέσῳ</em></span> <span class='ocrx_word' id='word_1_77' title='bbox 941 1239 1013 1297; x_wconf 28' lang='grc' dir='ltr'>ἐνί,</span> <span class='ocrx_word' id='word_1_78' title='bbox 1040 1241 1188 1286; x_wconf 79' lang='grc' dir='ltr'><em>οἴνοπι</em></span> <span class='ocrx_word' id='word_1_79' title='bbox 1221 1236 1368 1303; x_wconf 82' lang='grc' dir='ltr'><strong><em>πόντῳ</em></strong></span> <span class='ocrx_word' id='word_1_80' title='bbox 1381 1275 1394 1296; x_wconf 86' lang='grc'><strong><em>,</em></strong></span> 
     </span>
    </p>

    <p class='ocr_par' dir='ltr' id='par_1_7' title="bbox 224 1313 1578 1529">
     <span class='ocr_line' id='line_1_14' title="bbox 224 1313 1402 1379; baseline 0 -16"><span class='ocrx_word' id='word_1_81' title='bbox 224 1345 228 1350; x_wconf 89' lang='lat'><strong>·</strong></span> <span class='ocrx_word' id='word_1_82' title='bbox 275 1314 411 1373; x_wconf 82' lang='grc' dir='ltr'><strong><em>Καλὴ</em></strong></span> <span class='ocrx_word' id='word_1_83' title='bbox 451 1320 529 1362; x_wconf 87' lang='grc' dir='ltr'>καὶ</span> <span class='ocrx_word' id='word_1_84' title='bbox 560 1317 735 1377; x_wconf 78' lang='grc' dir='ltr'>πίειρα,</span> <span class='ocrx_word' id='word_1_85' title='bbox 760 1317 1032 1379; x_wconf 82' lang='grc' dir='ltr'><em>περίρῥυτος·</em></span> <span class='ocrx_word' id='word_1_86' title='bbox 1060 1319 1106 1363; x_wconf 76' lang='grc' dir='ltr'>ἐν</span> <span class='ocrx_word' id='word_1_87' title='bbox 1130 1313 1402 1379; x_wconf 74' lang='grc' dir='ltr'>δ’ἄνθρωποι</span> 
     </span>
     <span class='ocr_line' id='line_1_15' title="bbox 274 1390 1450 1456; baseline -0.003 -15"><span class='ocrx_word' id='word_1_88' title='bbox 274 1394 472 1450; x_wconf 82' lang='grc' dir='ltr'><em>Πολλοί,</em></span> <span class='ocrx_word' id='word_1_89' title='bbox 500 1390 745 1456; x_wconf 71' lang='grc' dir='ltr'><em>ἀπειρέσιοι</em></span> <span class='ocrx_word' id='word_1_90' title='bbox 771 1398 848 1440; x_wconf 83' lang='grc' dir='ltr'>καὶ</span> <span class='ocrx_word' id='word_1_91' title='bbox 878 1390 1118 1450; x_wconf 74' lang='grc' dir='ltr'><em>ἐννήκοντα</em></span> <span class='ocrx_word' id='word_1_92' title='bbox 1141 1391 1302 1450; x_wconf 83' lang='grc' dir='ltr'><strong><em>πόληες</em></strong></span> <span class='ocrx_word' id='word_1_93' title='bbox 1327 1392 1450 1454; x_wconf 84' lang='grc'>(95).</span> 
     </span>
     <span class='ocr_line' id='line_1_16' title="bbox 277 1466 1578 1529; baseline 0 -15"><span class='ocrx_word' id='word_1_94' title='bbox 277 1469 416 1514; x_wconf 83' lang='lat' dir='ltr'>Inter</span> <span class='ocrx_word' id='word_1_95' title='bbox 457 1469 640 1514; x_wconf 86' lang='lat' dir='ltr'>insulas</span> <span class='ocrx_word' id='word_1_96' title='bbox 675 1469 824 1522; x_wconf 74' lang='lat' dir='ltr'>maris</span> <span class='ocrx_word' id='word_1_97' title='bbox 868 1466 1045 1529; x_wconf 78' lang='lat' dir='ltr'>Aegaei</span> <span class='ocrx_word' id='word_1_98' title='bbox 1091 1468 1232 1514; x_wconf 86' lang='lat' dir='ltr'>nulla</span> <span class='ocrx_word' id='word_1_99' title='bbox 1259 1469 1410 1515; x_wconf 71' lang='lat' dir='ltr'>fuisse</span> <span class='ocrx_word' id='word_1_100' title='bbox 1432 1468 1578 1516; x_wconf 80' lang='lat' dir='ltr'>vide-</span> 
     </span>
    </p>

    <p class='ocr_par' dir='ltr' id='par_1_8' title="bbox 207 1544 1571 1606">
     <span class='ocr_line' id='line_1_17' title="bbox 207 1544 1571 1606; baseline -0.002 -14"><span class='ocrx_word' id='word_1_101' title='bbox 207 1553 297 1596; x_wconf 84' lang='lat' dir='ltr'>tur</span> <span class='ocrx_word' id='word_1_102' title='bbox 312 1579 327 1604; x_wconf 92' lang='lat'>‚</span> <span class='ocrx_word' id='word_1_103' title='bbox 349 1561 476 1606; x_wconf 88' lang='lat' dir='ltr'>quae</span> <span class='ocrx_word' id='word_1_104' title='bbox 500 1552 665 1589; x_wconf 83' lang='lat' dir='ltr'>tantae</span> <span class='ocrx_word' id='word_1_105' title='bbox 679 1544 1008 1590; x_wconf 87' lang='lat' dir='ltr'>Phoenicibus</span> <span class='ocrx_word' id='word_1_106' title='bbox 1025 1545 1145 1589; x_wconf 85' lang='lat' dir='ltr'>esset</span> <span class='ocrx_word' id='word_1_107' title='bbox 1172 1544 1397 1604; x_wconf 80' lang='lat' dir='ltr'>utilitati,</span> <span class='ocrx_word' id='word_1_108' title='bbox 1425 1560 1571 1606; x_wconf 87' lang='lat' dir='ltr'>quam</span> 
     </span>
    </p>

    <p class='ocr_par' dir='ltr' id='par_1_9' title="bbox 207 1620 1579 1683">
     <span class='ocr_line' id='line_1_18' title="bbox 207 1620 1579 1683; baseline -0.002 -14"><span class='ocrx_word' id='word_1_109' title='bbox 207 1622 437 1682; x_wconf 83' lang='lat' dir='ltr'>Thasus‚</span> <span class='ocrx_word' id='word_1_110' title='bbox 498 1622 686 1683; x_wconf 89' lang='lat' dir='ltr'>quippe</span> <span class='ocrx_word' id='word_1_111' title='bbox 730 1637 856 1682; x_wconf 88' lang='lat' dir='ltr'>quae</span> <span class='ocrx_word' id='word_1_112' title='bbox 899 1620 1073 1683; x_wconf 83' lang='lat' dir='ltr'>infigni</span> <span class='ocrx_word' id='word_1_113' title='bbox 1118 1621 1431 1672; x_wconf 82' lang='lat' dir='ltr'>metallorum</span> <span class='ocrx_word' id='word_1_114' title='bbox 1476 1637 1579 1668; x_wconf 69' lang='lat' dir='ltr'>,co—-</span> 
     </span>
    </p>

    <p class='ocr_par' dir='ltr' id='par_1_10' title="bbox 205 1697 1577 1763">
     <span class='ocr_line' id='line_1_19' title="bbox 205 1697 1577 1763; baseline -0.001 -18"><span class='ocrx_word' id='word_1_115' title='bbox 205 1701 292 1763; x_wconf 88' lang='lat' dir='ltr'>pia</span> <span class='ocrx_word' id='word_1_116' title='bbox 325 1697 639 1756; x_wconf 80' lang='lat' dir='ltr'>abundabat,</span> <span class='ocrx_word' id='word_1_117' title='bbox 684 1698 816 1743; x_wconf 90' lang='lat' dir='ltr'>unde</span> <span class='ocrx_word' id='word_1_118' title='bbox 856 1698 901 1742; x_wconf 90' lang='lat' dir='ltr'>ei</span> <span class='ocrx_word' id='word_1_119' title='bbox 947 1697 1350 1763; x_wconf 65' lang='lat' dir='ltr'>aureae.(29v‹re&#39;⁷7)</span> <span class='ocrx_word' id='word_1_120' title='bbox 1386 1713 1577 1759; x_wconf 84' lang='lat' dir='ltr'>cogno-</span> 
     </span>
    </p>

    <p class='ocr_par' dir='ltr' id='par_1_11' title="bbox 203 1774 1573 1978">
     <span class='ocr_line' id='line_1_20' title="bbox 203 1774 1573 1838; baseline -0.004 -13"><span class='ocrx_word' id='word_1_121' title='bbox 203 1793 318 1825; x_wconf 88' lang='lat' dir='ltr'>men</span> <span class='ocrx_word' id='word_1_122' title='bbox 354 1775 473 1838; x_wconf 73' lang='lat'>(94).</span> <span class='ocrx_word' id='word_1_123' title='bbox 542 1774 785 1820; x_wconf 79' lang='lat' dir='ltr'>Herodoti</span> <span class='ocrx_word' id='word_1_124' title='bbox 829 1774 973 1820; x_wconf 87' lang='lat' dir='ltr'>etiam</span> <span class='ocrx_word' id='word_1_125' title='bbox 1017 1782 1241 1836; x_wconf 89' lang='lat' dir='ltr'>tempore</span> <span class='ocrx_word' id='word_1_126' title='bbox 1283 1775 1573 1836; x_wconf 84' lang='lat' dir='ltr'>supererant</span> 
     </span>
     <span class='ocr_line' id='line_1_21' title="bbox 206 1849 1571 1914; baseline -0.002 -13"><span class='ocrx_word' id='word_1_127' title='bbox 206 1853 433 1914; x_wconf 80' lang='lat' dir='ltr'>metalla,</span> <span class='ocrx_word' id='word_1_128' title='bbox 479 1852 567 1914; x_wconf 91' lang='lat' dir='ltr'>qui</span> <span class='ocrx_word' id='word_1_129' title='bbox 611 1867 667 1898; x_wconf 88' lang='lat' dir='ltr'>ea</span> <span class='ocrx_word' id='word_1_130' title='bbox 700 1851 802 1913; x_wconf 87' lang='lat' dir='ltr'>ipse</span> <span class='ocrx_word' id='word_1_131' title='bbox 830 1852 980 1909; x_wconf 85' lang='lat' dir='ltr'>vidit,</span> <span class='ocrx_word' id='word_1_132' title='bbox 1027 1859 1077 1898; x_wconf 91' lang='lat' dir='ltr'>et</span> <span class='ocrx_word' id='word_1_133' title='bbox 1108 1858 1277 1912; x_wconf 86' lang='lat' dir='ltr'>notat,</span> <span class='ocrx_word' id='word_1_134' title='bbox 1313 1849 1571 1898; x_wconf 81' lang='lat' dir='ltr'>mirificam</span> 
     </span>
     <span class='ocr_line' id='line_1_22' title="bbox 205 1929 1573 1978; baseline -0.002 -1"><span class='ocrx_word' id='word_1_135' title='bbox 205 1949 406 1978; x_wconf 83' lang='lat' dir='ltr'>eorum.</span> <span class='ocrx_word' id='word_1_136' title='bbox 440 1931 795 1977; x_wconf 87' lang='lat' dir='ltr'>abundantiam</span> <span class='ocrx_word' id='word_1_137' title='bbox 842 1930 1113 1975; x_wconf 84' lang='lat' dir='ltr'>Phoenices</span> <span class='ocrx_word' id='word_1_138' title='bbox 1164 1945 1227 1975; x_wconf 86' lang='lat' dir='ltr'>ex</span> <span class='ocrx_word' id='word_1_139' title='bbox 1272 1945 1328 1975; x_wconf 87' lang='lat' dir='ltr'>ea</span> <span class='ocrx_word' id='word_1_140' title='bbox 1380 1929 1573 1975; x_wconf 83' lang='lat' dir='ltr'>haufis·</span> 
     </span>
    </p>
   </div>
   <div class='ocr_carea' id='block_1_3' title="bbox 203 1992 1577 2072">
    <p class='ocr_par' dir='ltr' id='par_1_12' title="bbox 203 1992 1577 2072">
     <span class='ocr_line' id='line_1_23' title="bbox 203 1992 1577 2072; baseline -0.01 -16"><span class='ocrx_word' id='word_1_141' title='bbox 203 2011 254 2057; x_wconf 78' lang='lat' dir='ltr'>fe</span> <span class='ocrx_word' id='word_1_142' title='bbox 282 2009 403 2072; x_wconf 79' lang='lat'>(95).</span> <span class='ocrx_word' id='word_1_143' title='bbox 637 1992 654 2046; x_wconf 71' lang='lat' dir='ltr'><em>f</em></span> <span class='ocrx_word' id='word_1_144' title='bbox 1211 2016 1219 2023; x_wconf 65' lang='lat'>‚.</span> <span class='ocrx_word' id='word_1_145' title='bbox 1479 2004 1577 2054; x_wconf 66' lang='lat' dir='ltr'>vi-</span> 
     </span>
    </p>
   </div>
   <div class='ocr_carea' id='block_1_4' title="bbox 255 2197 1571 2437">
    <p class='ocr_par' dir='ltr' id='par_1_13' title="bbox 256 2197 809 2250">
     <span class='ocr_line' id='line_1_24' title="bbox 256 2197 809 2250; baseline -0.007 -12"><span class='ocrx_word' id='word_1_146' title='bbox 256 2200 359 2250; x_wconf 83' lang='lat'>(90)</span> <span class='ocrx_word' id='word_1_147' title='bbox 392 2201 526 2237; x_wconf 74' lang='lat' dir='ltr'>onu.</span> <span class='ocrx_word' id='word_1_148' title='bbox 554 2208 640 2236; x_wconf 79' lang='lat' dir='ltr'>sxc</span> <span class='ocrx_word' id='word_1_149' title='bbox 667 2197 717 2236; x_wconf 91' lang='lat' dir='ltr'>V.</span> <span class='ocrx_word' id='word_1_150' title='bbox 746 2197 809 2244; x_wconf 84' lang='lat'>64.</span> 
     </span>
    </p>

    <p class='ocr_par' dir='ltr' id='par_1_14' title="bbox 255 2260 623 2311">
     <span class='ocr_line' id='line_1_25' title="bbox 255 2260 623 2311; baseline -0.017 -10"><span class='ocrx_word' id='word_1_151' title='bbox 255 2262 357 2311; x_wconf 81' lang='lat'><em>(91)</em></span> <span class='ocrx_word' id='word_1_152' title='bbox 385 2261 500 2298; x_wconf 88' lang='lat' dir='ltr'>Idem.</span> <span class='ocrx_word' id='word_1_153' title='bbox 529 2260 623 2297; x_wconf 74' lang='lat' dir='ltr'>thid.</span> 
     </span>
    </p>

    <p class='ocr_par' dir='ltr' id='par_1_15' title="bbox 255 2318 816 2375">
     <span class='ocr_line' id='line_1_26' title="bbox 255 2318 816 2375; baseline -0.013 -12"><span class='ocrx_word' id='word_1_154' title='bbox 255 2324 329 2375; x_wconf 82' lang='lat'>(92</span> <span class='ocrx_word' id='word_1_155' title='bbox 338 2323 359 2373; x_wconf 76' lang='grc'>&gt;</span> <span class='ocrx_word' id='word_1_156' title='bbox 390 2322 504 2362; x_wconf 80' lang='lat' dir='ltr'>Idem.</span> <span class='ocrx_word' id='word_1_157' title='bbox 537 2320 582 2366; x_wconf 86' lang='lat'>1,</span> <span class='ocrx_word' id='word_1_158' title='bbox 610 2330 696 2368; x_wconf 75' lang='lat' dir='ltr'>pag</span> <span class='ocrx_word' id='word_1_159' title='bbox 724 2318 816 2366; x_wconf 80' lang='lat'><strong>263·</strong></span> 
     </span>
    </p>

    <p class='ocr_par' dir='ltr' id='par_1_16' title="bbox 259 2378 1571 2437">
     <span class='ocr_line' id='line_1_27' title="bbox 259 2378 1571 2437; baseline -0.002 -14"><span class='ocrx_word' id='word_1_160' title='bbox 259 2386 362 2437; x_wconf 75' lang='lat'><strong>(93)</strong></span> <span class='ocrx_word' id='word_1_161' title='bbox 394 2386 603 2423; x_wconf 62' lang='lat' dir='ltr'>nomm-us</span> <span class='ocrx_word' id='word_1_162' title='bbox 645 2378 771 2430; x_wconf 79' lang='lat' dir='ltr'>Odysf.</span> <span class='ocrx_word' id='word_1_163' title='bbox 820 2379 911 2416; x_wconf 85' lang='lat' dir='ltr'>XIX</span> <span class='ocrx_word' id='word_1_164' title='bbox 950 2389 1007 2417; x_wconf 86' lang='lat' dir='ltr'>vs.</span> <span class='ocrx_word' id='word_1_165' title='bbox 1049 2389 1116 2429; x_wconf 82' lang='lat'>¹72</span> <span class='ocrx_word' id='word_1_166' title='bbox 1158 2380 1239 2428; x_wconf 80' lang='lat' dir='ltr'>seq.</span> <span class='ocrx_word' id='word_1_167' title='bbox 1302 2379 1371 2418; x_wconf 76' lang='lat' dir='ltr'>Cf,</span> <span class='ocrx_word' id='word_1_168' title='bbox 1414 2390 1571 2420; x_wconf 60' lang='lat' dir='ltr'>swano</span> 
     </span>
    </p>
   </div>
   <div class='ocr_carea' id='block_1_5' title="bbox 203 2448 1298 2557">
    <p class='ocr_par' dir='ltr' id='par_1_17' title="bbox 203 2448 1298 2557">
     <span class='ocr_line' id='line_1_28' title="bbox 203 2448 493 2495; baseline -0.004 1"><span class='ocrx_word' id='word_1_169' title='bbox 203 2448 263 2490; x_wconf 83' lang='lat' dir='ltr'>X</span> <span class='ocrx_word' id='word_1_170' title='bbox 292 2457 379 2495; x_wconf 68' lang='lat' dir='ltr'>pag</span> <span class='ocrx_word' id='word_1_171' title='bbox 405 2455 493 2495; x_wconf 83' lang='lat'>735·</span> 
     </span>
     <span class='ocr_line' id='line_1_29' title="bbox 256 2502 1298 2557; baseline -0.007 -12"><span class='ocrx_word' id='word_1_172' title='bbox 256 2506 359 2557; x_wconf 81' lang='lat'><em>(94)</em></span> <span class='ocrx_word' id='word_1_173' title='bbox 390 2507 501 2545; x_wconf 76' lang='lat' dir='ltr'>Eus&#39;l</span> <span class='ocrx_word' id='word_1_174' title='bbox 508 2515 654 2544; x_wconf 75' lang='lat' dir='ltr'>A&#39;rmus</span> <span class='ocrx_word' id='word_1_175' title='bbox 682 2502 728 2540; x_wconf 76' lang='lat' dir='ltr'>ad</span> <span class='ocrx_word' id='word_1_176' title='bbox 762 2503 931 2540; x_wconf 65' lang='lat' dir='ltr'>uomvs.</span> <span class='ocrx_word' id='word_1_177' title='bbox 964 2502 1111 2551; x_wconf 75' lang='lat' dir='ltr'>Pm&#39;eg.</span> <span class='ocrx_word' id='word_1_178' title='bbox 1144 2512 1181 2538; x_wconf 93' lang='grc' dir='ltr'>ν.</span> <span class='ocrx_word' id='word_1_179' title='bbox 1209 2512 1298 2552; x_wconf 83' lang='lat'>5¹7·</span> 
     </span>
    </p>
   </div>
   <div class='ocr_carea' id='block_1_6' title="bbox 257 2567 751 2621">
    <p class='ocr_par' dir='ltr' id='par_1_18' title="bbox 257 2567 751 2621">
     <span class='ocr_line' id='line_1_30' title="bbox 257 2567 751 2621; baseline -0.028 -8"><span class='ocrx_word' id='word_1_180' title='bbox 257 2569 358 2621; x_wconf 87' lang='lat'>(95)</span> <span class='ocrx_word' id='word_1_181' title='bbox 388 2569 552 2607; x_wconf 64' lang='lat' dir='ltr'>HEROD.</span> <span class='ocrx_word' id='word_1_182' title='bbox 580 2567 650 2604; x_wconf 86' lang='lat' dir='ltr'>VI.</span> <span class='ocrx_word' id='word_1_183' title='bbox 686 2576 751 2616; x_wconf 80' lang='lat'>47.</span> 
     </span>
    </p>
   </div>
   <div class='ocr_carea' id='block_1_7' title="bbox 0 3188 1787 3205">
    <p class='ocr_par' dir='ltr' id='par_1_19' title="bbox 0 3188 1787 3205">
     <span class='ocr_line' id='line_1_31' title="bbox 0 3188 1787 3205; baseline 0 0"><span class='ocrx_word' id='word_1_184' title='bbox 0 3188 1787 3205; x_wconf 95' lang='lat' dir='ltr'> </span> 
     </span>
    </p>
   </div>
  </div>
 </body>
</html>
