1787 3205
275 232 293 263 ι
310 233 367 265 10
520 209 634 267 ‘DE
654 209 986 268 cotenus
1016 188 1387 275 νΕΤΕιιιιΜ.

265 407 269 411 -
344 379 409 426 Ut
433 386 625 441 autem,
655 380 896 429 fideiure
909 390 1207 445 quaeratur,
1225 374 1358 433 recte
1374 382 1638 451 statuitur,

262 458 496 505 colonias
529 459 750 508 Graecas
776 449 952 507 liberas
974 461 1036 508 ob
1066 461 1257 524 origine
1282 462 1433 509 fuisse
1462 460 1630 524 (267),

263 536 346 580 'ita
370 545 592 595 ·,contra
629 538 679 584 fi
690 552 819 599 quae
847 537 1130 584 acciderunt
1154 539 1600 605 animadvertamus
1617 572 1634 599 ,

265 619 411 674 ‘patet
426 613 1001 675 ,'metropoles'³coloniis
1026 615 1289 661 identidem
1320 602 1533 664 multum
1553 610 1638 663 iu'-‘

271 691 347 737 ris
380 689 658 737 detraxisse.
723 688 930 737 ‘Constat
969 692 1100 745 enim
1119 727 1133 752 ‚
1166 693 1388 741 civitates
1408 680 1637 763 'Graeeas

263 768 570 830 plerumque
593 762 854 829 studuisse,
883 774 940 816 ut
964 769 1180 838 colonias
1209 769 1297 816 fibi
1321 769 1635 817 subiicerent.

272 845 409 891 Hinc
447 846 565 891 sere
593 845 950 908 prohibebant,
996 847 1262 929 quominus
1290 841 1509 894 coloniae
1540 863 1639 909 po·-

271 924 427 969 tentia
452 923 597 969 nimis
628 930 934 984 crescerent,
973 915 1035 969 ne
1059 924 1323 984 aliquando
1360 925 1450 971 hae
1482 925 1637 986 ipsam
1673 950 1675 955 ·

271 1001 573 1061 metropolin
601 1000 792 1047 viribus
821 1007 910 1046 aut
945 1002 1328 1063 aequipararent
1366 1008 1456 1047 'aut
1488 1001 1636 1048 etiam

271 1079 580 1138 superarent.
620 1076 931 1138 Thucydides
958 1084 1195 1135 testatur,
1219 1077 1503 1137 Corinthios
1525 1083 1637 1123 tum

269 1161 480 1216 propter
506 1154 601 1198 alia
628 1153 926 1214 Corcyraeos
957 1155 1233 1199 contemtui
1252 1153 1476 1200 habuisse
1492 1157 1638 1214 ,''tum

207 1232 210 1236 ’
274 1231 407 1292 quod
451 1230 780 1292 pecuniarum
817 1229 959 1291 copia
1002 1228 1082 1277 vel
1129 1221 1381 1291 ditisfim‘is·
1423 1216 1672 1291 quibus--

272 1324 370 1370 que
431 1307 633 1354 Graecis
690 1322 834 1369 pares
901 1306 1088 1365 essent,
1152 1306 1327 1353 bellico
1383 1299 1640 1368 ⁴apparatu

269 1385 568 1447 gauderent,
627 1392 677 1431 et
717 1383 852 1430 clasfi
893 1383 939 1430 se
979 1384 1155 1430 ceteris
1201 1382 1346 1447 longe
1391 1383 1638 1447 praestare
1673 1411 1675 1414 -

268 1464 508 1508 iactarent
539 1462 694 1523 (268).

339 1539 402 1586 In
447 1539 621 1600 primis
670 1546 832 1585 autem
878 1536 1201 1585 Athenienses
1248 1538 1423 1584 ceteris
1474 1537 1640 1584 Grae-

271 1617 374 1662 ciae
420 1614 649 1677 gentibus
691 1615 841 1661 huius
889 1615 961 1660 rei
997 1615 1223 1675 exempla
1268 1613 1669 1675 praestiterunt.-

271 1692 479 1755 Saepius
518 1691 821 1754 iniquissime
859 1707 969 1738 cum
1008 1691 1195 1736 colonis
1237 1697 1477 1752 egerunt,
1512 1706 1631 1738 eos-

271 1787 368 1835 que
399 1770 553 1834 magis
578 1775 816 1831 tanquam
842 1767 1085 1815 dedititios
1102 1802 1117 1827 ,
1152 1783 1300 1830 quam
1324 1767 1508 1815 liberos
1542 1762 1640 1814 ho-

1466 1868 1470 1870 >
1537 1861 1637 1893 mi·

274 2020 467 2065 tisfimus,
497 2019 635 2057 dixisse
672 2018 818 2063 fertur,
848 2024 1027 2062 magnum
1063 2013 1215 2051 lucrum
1245 2010 1436 2068 Spartanis
1472 2011 1581 2059 fore,
1610 2010 1639 2050 fi

272 2085 366 2122 haec
389 2082 506 2121 insula
531 2082 643 2119 undis
670 2080 799 2130 potius
825 2086 1085 2125 mergeretur,
1111 2085 1223 2123 quam
1247 2073 1444 2113 emineret.
1471 2074 1639 2116 Hauon,

271 2146 366 2184 VII.
394 2156 485 2194 235.
518 2144 641 2182 Huius
669 2142 813 2180 insulae
838 2139 930 2178 fitus
957 2137 1274 2188 opportunitate,
1297 2136 1521 2174 Demaratus
1541 2136 1641 2175 Xer·

271 2209 316 2247 xi
343 2205 474 2248 suafit,
504 2215 547 2242 ut
572 2205 610 2241 in
642 2204 740 2240 hanc
766 2202 920 2240 insulam
954 2199 1113 2238 classem
1141 2197 1374 2243 dimitteret,
1406 2195 1639 2236 invafionem

271 2271 311 2308 iu
349 2267 554 2307 Laconiam
591 2264 872 2310 suscepturam.
925 2259 1039 2299 Idem.
1082 2261 1177 2301 ibid.
1224 2259 1275 2296 Et
1299 2258 1431 2297 eadem
1460 2268 1638 2297 commo-

223 2357 229 2363 ν
272 2331 390 2369 ditate
421 2328 510 2366 usus
551 2336 610 2364 est
645 2325 803 2369 Nicias,
842 2334 930 2360 cum
962 2324 999 2361 in
1028 2322 1137 2360 bello
1171 2318 1505 2369 Peloponnesiaco
1545 2319 1640 2359 huic

275 2392 417 2433 insulae
446 2389 591 2429 bellum
619 2387 792 2425 inferret.
844 2383 982 2423 Tunc.
1011 2386 1039 2421 l.
1066 2384 1093 2421 1.

324 2452 453 2504 (267)
494 2449 664 2489 Eandem
702 2445 929 2487 sententiam
967 2445 1077 2484 latius
1123 2443 1306 2495 exposuit
1348 2441 1460 2514 doct
1497 2453 1640 2484 mmm>

273 2519 300 2558 l.
330 2519 355 2554 l.
384 2528 424 2562 p.
456 2524 525 2560 ¹23
554 2512 633 2560 seq.

328 2576 454 2629 (268)
488 2576 548 2614 Tu
555 2585 759 2614 UCYmDsss
792 2572 825 2611 Ι.
856 2581 919 2620 25
