1787 3205
395 206 493 258 DE
526 205 848 256 COLONIIS
883 203 1253 256 VETERUM.
1411 208 1504 254 155

146 382 181 417 n
196 365 371 415 caesar
409 365 530 414 anto
564 364 887 415 deduxerat.''
965 365 1135 414 Huius
1178 370 1347 413 autem
1387 378 1505 412 ves-

147 444 264 508 tigia
281 477 298 505 ‚
346 444 404 491 in
460 445 588 508 agris
638 445 886 495 veteranis
932 444 1228 507 asfignandis
1244 479 1261 505 ‚
1307 443 1503 490 secutus

141 527 222 568 est
267 536 371 568 non
419 528 612 569 tantum
667 521 921 572 Antonius
982 521 1154 585 (519),
1211 521 1294 568 sed
1351 521 1499 567 etiam

155 595 458 646 Octavianus
470 632 486 659 ,
534 605 683 660 atque
720 598 802 645 hie
843 598 899 644 in
940 598 1119 660 primis
1134 632 1152 659 ,
1195 603 1456 660 postquam
1478 630 1497 658 ‚

146 674 286 723 victo
328 675 391 722 ad
432 674 630 723 Actium
674 674 894 723 Antonio
909 709 926 736 ,
967 676 1154 723 summa
1191 664 1365 721 rerum*
1379 707 1397 733 ,
1450 680 1500 720 et

143 752 297 800 totius
332 768 489 816 paene
530 752 663 800 orbis
701 760 948 802 terrarum
988 752 1258 815 imperium
1291 751 1356 799 ad
1381 766 1497 798 eum

144 837 363 880 venerat.
434 828 570 889 Quid
610 830 745 877 enim
786 825 1011 893 Augusto
1066 830 1343 890 imperante
1396 829 1497 876 fre-

144 908 378 969 quentius
392 938 408 965 ‚
448 921 596 966 quam
624 905 933 952 coloniarum
961 906 1185 952 deductio
1201 939 1218 966 ,
1260 905 1495 968 liquidem

142 983 294 1030 tradit
344 981 611 1028 suetonius
626 1015 642 1042 ‚
690 981 1056 1044 duodetriginta
1093 982 1300 1029 coloniis
1337 982 1497 1029 dedu-

141 1060 235 1106 ctis
249 1092 265 1120 ,
315 1058 507 1105 Italiam
559 1073 671 1105 eum
709 1057 1043 1121 frequentasse
1081 1059 1237 1122 (520).
1309 1059 1496 1106 Utrum

141 1143 307 1184 autem
330 1151 410 1182 eas
439 1136 594 1181 solum
630 1125 867 1198 intelligat
894 1136 1193 1197 Suetonius,
1237 1151 1360 1199 quas
1390 1135 1499 1180 Im-

142 1220 344 1277 perator
386 1213 613 1272 deduxit,
658 1228 722 1260 an
765 1228 884 1261 vero
938 1221 987 1260 et
1026 1230 1140 1275 eae,
1187 1230 1310 1277 quas
1350 1220 1497 1260 antea

140 1285 375 1339 triumvir
405 1290 700 1349 deduxerat,
725 1290 990 1336 interillas
1017 1292 1354 1337 numerandae
1369 1290 1491 1349 fint3

133 1368 317 1430 quaeri
350 1373 531 1429 potest.
600 1365 756 1413 Hunc
785 1382 970 1415 morem
1011 1367 1157 1413 semel
1196 1368 1493 1430 usurpatum

140 1461 245 1492 non
282 1445 651 1491 intermiserunt
684 1442 914 1490 Tiberius
930 1477 946 1504 ‚
989 1444 1175 1505 quique
1208 1460 1324 1491 eum
1361 1444 1494 1490 fecu-

139 1522 181 1568 ti
214 1522 328 1567 sunt
365 1520 690 1582 Imperatores
710 1554 726 1581 ,
770 1520 824 1566 in
861 1535 920 1567 eo
961 1527 1122 1566 tamen
1166 1519 1233 1566 ab
1281 1520 1495 1582 August-i

140 1598 449 1644 coloniarum
499 1597 897 1643 deducendarum*
942 1597 1137 1642 ratione
1176 1583 1457 1643 recedentes
1477 1631 1492 1656 ‚

77 1703 85 1712 ›
145 1674 278 1737 quod
322 1688 434 1720 cum
466 1673 548 1720 hie
579 1689 683 1719 non
724 1672 941 1735 fingulos
970 1672 1148 1719 milites
1177 1673 1376 1719 colonos
1405 1673 1495 1720 de-

139 1750 392 1809 duxisset,
442 1749 524 1795 sed
565 1757 693 1795 totas
729 1749 956 1811 'legiones
1011 1765 1124 1795 oum
1182 1749 1397 1796 tribunis
1442 1758 1492 1795 et

141 1824 543 1885 centurionibus,
588 1824 665 1873 illi
715 1839 778 1872 ex
827 1824 998 1869 multis
1052 1824 1325 1886 legionibus
1386 1826 1492 1873 fin-

138 1903 279 1966 gulos
321 1901 498 1949 milites
533 1901 586 1948 in
625 1899 840 1962 aliquam
882 1898 1058 1946 urbem
1108 1900 1308 1947 colonos
1349 1904 1494 1950 mise·

137 1987 275 2027 runt.
346 1994 374 2025 1)
395 1978 541 2035 Non,
573 1984 633 2024 ut
659 1976 776 2022 olim
793 1976 845 2035 ‚’'
883 1976 1045 2036 inquit
1080 1977 1287 2025 Tacitus
1315 1979 1453 2041 (521)
1473 2015 1488 2039 ,

137 2070 166 2102 n
187 2055 440 2105 universae
463 2053 675 2117 legiones
706 2050 1070 2099 deducebantur
1084 2086 1100 2113 ,
1138 2069 1255 2104 cum
1276 2055 1490 2103 tribunis

1396 2148 1426 2179 ι)
1445 2140 1497 2180 et

187 2348 316 2403 (319)
342 2348 506 2390 CiczRo
535 2349 561 2388 1.
591 2360 630 2389 c.

187 2411 318 2465 (320)
344 2410 526 2450 Sum-on.
563 2411 600 2448 in
638 2411 719 2449 vita
755 2421 793 2450 c.
820 2413 884 2461 46.
938 2412 1032 2451 Dm,
1071 2421 1185 2450 cAsS.
1221 2409 1292 2448 L1.
1329 2419 1371 2459 p.
1400 2420 1490 2460 509.

137 2472 185 2511 ed
210 2472 408 2522 Xylandri.
460 2472 628 2513 Hiram.
654 2474 682 2512 1.
710 2474 738 2513 l.
784 2471 787 2477 '

189 2534 316 2585 (321)
342 2534 500 2575 Tacir.
525 2535 627 2576 Ann.
656 2535 764 2574 XIV.
794 2546 858 2585 27.

791 2598 875 2645 Io

0 3043 170 3205 k
216 3152 219 3157 ,
