1787 3205
275 183 341 245 96
524 182 623 230 DE
658 179 983 231 COLONIIS
1017 179 1391 234 VE'PERUM;

340 341 452 390 Alia
479 341 789 388 accesserunt
806 374 821 401 ,
857 341 1042 404 quibus
1066 342 1368 391 necesfitudo
1387 342 1520 392 inter
1549 349 1636 392 ‹to-'-

269 420 430 467 lonias
473 425 524 465 et
565 419 867 481 metropoles
895 421 1186 481 permanere
1219 421 1409 481 optime
1436 419 1598 484 posset¹
1614 455 1633 484 ,

272 512 402 559 quae
445 496 528 543 hic
571 497 757 542 referre
789 511 968 557 operae
996 503 1070 543 est
1094 497 1329 558 pretium.
1398 498 1637 546 Colonia-

262 589 387 621 rum
414 574 598 620 scilicet
637 573 945 619 Graecarum
980 573 1126 635 legati
1162 574 1294 621 ludis
1331 573 1638 638 Olympiacis

270 651 546 697 intererant
566 683 582 709 ‚
632 657 691 696 ut
743 664 806 695 ex
853 649 1025 696 multis
1083 648 1288 697 Pindari·
1335 652 1638 700 carminibus

267 726 462 774 efficere
508 727 655 784 licet3
707 726 840 788 quod
885 733 1195 788 quantopere
1247 728 1308 775 ad
1325 728 1635 775 *animorum

267 804 665 853 convenientiam
694 802 907 852 valuerit
923 837 938 863 ,
966 804 1285 866 perspicuum
1322 812 1412 853 est.
1483 805 1637 852 Colo-

269 883 473 930 niarum
514 882 660 928 etiam
694 881 966 927 nonnullae
997 880 1059 927 ad
1085 883 1347 930 concilium
1374 882 1637 946 Amphyoe

267 962 467 1010 tionum
491 960 674 1023 legatos
701 959 938 1006 miserunt
952 975 968 1018 3
993 958 1186 1022 ibique,
1214 962 1273 1008 u't
1298 961 1430 1023 ipsae
1445 968 1637 1008 metro-

267 1039 433 1102 poles,
461 1039 521 1084 de
545 1036 893 1083 communibus
910 1037 1130 1083 omnium
1157 1037 1308 1084 rebus
1332 1051 1389 1083 ac
1413 1051 1639 1084 commo·-

266 1118 342 1163 dis
375 1115 731 1162 deliberabant.
812 1114 1097 1160 Nonnullae
1121 1114 1304 1162 scilicet
1337 1114 1401 1161 ab
1433 1108 1637 1163 Aeschi-

267 1210 333 1242 ne
373 1193 551 1239 diserte
586 1194 719 1239 inter
742 1192 892 1237 huius
917 1191 1113 1237 concilii
1148 1191 1300 1238 socios
1328 1208 1637 1253 nuncupan-

264 1279 351 1318 tur
376 1271 530 1333 (225).
568 1268 1075 1316 Lacedaemoniorum
1108 1269 1272 1315 coloni
1295 1284 1398 1316 una
1426 1285 1539 1315 cum
1565 1269 1634 1315 il-

263 1348 326 1396 lis
352 1347 544 1397 Carnea
586 1346 904 1394 celebrarunt
936 1344 1091 1408 (226).
1162 1345 1484 1393 Athenienses
1514 1363 1634 1395 vero

260 1433 313 1475 et
352 1426 518 1473 coloni
552 1423 844 1491 Ἀπατούρια
873 1424 1205 1471 communiter
1232 1432 1441 1488 egerunt
1476 1425 1632 1538 (23).

264 1602 484 1653 praesertim
538 1611 627 1639 cum
683 1599 799 1638 iidem
842 1598 1047 1649 scriptores
1091 1610 1182 1646 res,
1226 1600 1275 1639 de
1317 1601 1460 1650 quibus
1503 1611 1632 1642 earum

265 1663 348 1714 ipsa
403 1673 537 1702 natura
583 1673 632 1700 ne
683 1661 860 1700 dubitare
909 1661 1065 1710 quidem
1114 1660 1221 1707 finit,
1265 1662 1415 1712 saepius
1466 1670 1632 1704 narrent.

263 1726 394 1773 Nam,
429 1735 476 1763 ut
509 1723 589 1763 hoc
624 1732 729 1768 utar,
762 1721 855 1772 quid
878 1722 993 1770 magis
1015 1732 1231 1771 congruum
1248 1749 1262 1769 ,
1285 1734 1398 1772 quam
1421 1724 1530 1773 quod
1555 1724 1630 1765 fin-

263 1789 364 1836 gulis
400 1785 582 1831 colonis,
624 1794 831 1833 postquam
868 1784 906 1821 in
939 1794 1079 1821 novam
1124 1784 1322 1831 regionem
1363 1784 1629 1833 advenissent,

263 1850 340 1890 suis
361 1858 544 1898 quaeque
565 1847 642 1895 agri
668 1855 755 1895 pars
782 1843 1067 1894 assignaretur?
1095 1853 1134 1882 et
1162 1854 1289 1883 tamen
1320 1845 1432 1884 huius
1466 1847 1519 1885 rei
1549 1848 1636 1887 sex-

264 1912 409 1952 centies
433 1909 688 1948 meminerunt
712 1907 937 1956 scriptores,
990 1904 1089 1944 Vide
1109 1906 1221 1955 supra
1242 1916 1330 1955 pag.
1347 1909 1396 1956 84
1410 1934 1421 1950 ‚
1440 1917 1526 1948 not.
1543 1920 1630 1959 19¹·

264 1974 344 2012 Iam
368 1981 489 2017 vero,
512 1968 538 2008 fi
562 1967 726 2007 univerfi
750 1969 839 2007 iuris
867 1968 1024 2014 fuisset,
1053 1977 1097 2006 ut
1128 1969 1282 2006 colonia
1303 1969 1531 2018 pontificem
1555 1983 1633 2010 ma-

261 2036 408 2076 ximum
440 2044 460 2070 a
492 2029 705 2081 metropoli
725 2031 947 2080 acciperet,
977 2029 1141 2079 quidni,
1182 2040 1331 2079 praeter
1363 2030 1632 2082 Scholiasten‚

263 2098 385 2136 ceteri
415 2104 598 2135 auctores
635 2086 751 2132 huius'
782 2093 1070 2136 meminissent,
1099 2092 1316 2140 praesertim
1348 2104 1436 2132 cum
1473 2096 1628 2134 maximi

263 2157 453 2198 momenti
488 2166 549 2194 res
585 2156 708 2202 esset,
756 2154 802 2192 ad
834 2165 974 2194 arctam
1013 2152 1332 2194 necessitudinem
1364 2154 1630 2206 designandam

263 2221 422 2260 omnino
444 2218 622 2257 faciens?

315 2281 444 2333 (225)
488 2282 722 2320 Aescumzs
773 2276 818 2316 de
857 2274 970 2327 falsa
1004 2278 1122 2328 legat.
1164 2276 1252 2325 111,
1293 2289 1383 2328 pag.
1424 2281 1513 2331 285.
1568 2280 1635 2320 ed.

262 2344 429 2384 Reiskii.

273 2414 277 2418 ·
315 2404 443 2456 (226)
488 2404 588 2443 Vide
625 2413 907 2443 senonmsrnn
945 2402 992 2441 ad
1032 2407 1213 2443 russo'cn.
1256 2403 1347 2444 Eid.
1385 2404 1434 2444 V.
1477 2417 1536 2447 vs.
1567 2407 1631 2458 83.

263 2470 604 2509 Vntcxssmamum
634 2476 673 2507 et
701 2476 961 2507 cancamum
990 2465 1034 2504 ad
1064 2477 1215 2505 ueuon.
1245 2465 1339 2505 VII.
1367 2466 1455 2507 206.

316 2529 446 2583 (227)
477 2530 641 2569 Hermo.
670 2529 699 2567 1.
734 2540 821 2579 ¹47.
