1787 3205
270 245 335 294 ε,
521 244 619 291 DE
652 242 979 314 coroNtts
1013 207 1407 296 νΕΤΕῑω-Μζ

275 417 418 458 ram5
465 416 591 448 cum
649 417 678 448 e
737 404 988 450 contrario
1031 404 1194 452 nulla*
1223 420 1329 453 -non
1368 405 1509 451 bona
1552 405 1640 453 fibi

273 477 637 539 pollicerentur
682 494 745 526 ex
785 480 1014 542 colonien,
1045 481 1238 530 oraculi
1263 481 1397 530 iussu
1420 480 1647 530 deducta.

276 554 429 615 Quod
456 552 604 605 etiam
636 556 818 604 indicat
845 556 1072 605 Iulianus
1097 557 1406 620 Imperator,
1428 559 1642 620 dicens,

276 633 528 693 colonias,
575 631 823 696 Apollinis
881 633 1015 681 iussu
1071 633 1332 695 deductas,
1379 636 1643 685 maximam

277 718 439 758 terrae
468 718 661 773 partem
688 710 1033 759 humaniorem
1056 712 1315 760 reddidisse
1342 713 1498 774 (181).
1563 743 1566 745 -

283 833 287 836 ⁴
331 784 447 846 Qui
489 786 726 834 coloniae«
745 786 1053 835 deducendae
1093 787 1338 850 praeesset
1354 821 1370 848 ‚
1399 787 1480 838 ab
1527 805 1648 839 ora-

275 855 391 911 culo
433 862 537 911 fere
577 863 837 911 creabatur
856 897 872 924 ‚
914 863 1011 914 five
1051 879 1165 911 eum
1182 897 1198 924 ,
1239 879 1278 910 a
1316 864 1517 913 civitate
1547 865 1646 913 iam

900 960 903 962 ·
1531 957 1647 991 cre-

328 1069 454 1119 (181)
494 1070 696 1113 Iummos
737 1071 837 1123 imp.
873 1070 985 1111 Orat.
1018 1066 1088 1111 1v.
1123 1091 1175 1101 —
1212 1067 1388 1116 Graecos
1416 1069 1453 1108 in
1480 1069 1648 1110 coloniis

280 1128 521 1171 deducendis
557 1133 752 1183 Apollinis
789 1134 990 1173 oraculum
1030 1141 1120 1181 prae
1148 1132 1289 1171 ceteris
1322 1130 1478 1170 secutos
1502 1130 1645 1179 fuisse,

276 1194 502 1242 exemplum
534 1194 692 1239 Dorici,
717 1194 830 1233 cuius
852 1193 973 1232 modo
998 1192 1176 1237 memini,
1201 1192 1355 1240 egregie
1380 1191 1512 1231 docet.
1541 1191 1645 1239 Hic,

273 1254 391 1292 rebus
412 1253 450 1292 in
470 1253 605 1294 Africa
625 1254 837 1295 infeliciter
861 1254 1001 1303 gestis,
1019 1253 1170 1292 eiectus
1190 1253 1306 1292 tertio
1324 1264 1426 1292 anno
1449 1264 1469 1292 a
1493 1253 1648 1300 Macis,

275 1314 459 1365 Libybus
487 1325 528 1356 et
557 1313 961 1365 Carthaginiensibus,
984 1315 1022 1353 in
1047 1314 1355 1364 Peloponnesum
1381 1313 1533 1362 redux,
1556 1325 1648 1355 cum

275 1375 506 1416 Antichares
540 1386 592 1417 ex
630 1375 713 1416 Laii
751 1371 915 1416 oraculo
947 1376 984 1414 ei
1019 1374 1220 1416 confilium
1263 1373 1458 1423 dedisset,
1488 1384 1533 1415 ut
1566 1376 1650 1417 He·

275 1439 440 1477 racleam
468 1437 682 1484 conderet,
713 1438 892 1487 Delphos
918 1448 1043 1477 tamen
1072 1437 1303 1488 profectus,
1329 1432 1512 1488 Pythiam
1532 1435 1649 1487 adiit,

274 1508 490 1548 quaerens·
528 1512 566 1540 ει
594 1496 729 1557 αἱρέει
757 1490 820 1539 ἐπ’
854 1489 913 1550 ἣν
943 1496 1168 1540 στέλλεται
1186 1489 1364 1556 χώρην,
1400 1508 1441 1538 et
1476 1506 1646 1548 accepto

271 1564 484 1616 responso,
513 1564 638 1616 ipsum
658 1565 901 1616 potiturum,
923 1576 1014 1605 cum
1033 1566 1155 1606 classe
1179 1575 1220 1606 et
1250 1563 1495 1605 multitudine
1523 1563 1647 1605 homi·

275 1636 367 1666 num
395 1626 501 1668 abiit.
552 1626 811 1667 Hsaonorus
835 1627 885 1668 V.
906 1638 957 1678 42
981 1627 1065 1677 seq.

325 1686 469 1728 Rebus
506 1688 760 1737 urgentibus,
789 1698 859 1738 per
888 1679 1142 1739 privatorum
1160 1696 1228 1728 aut
1255 1686 1548 1737 magistratuum
1568 1686 1646 1727 stu·

272 1748 362 1792 dia,
392 1746 529 1787 corum
555 1747 776 1788 commodis
803 1748 1079 1794 suadentibus,
1102 1757 1147 1787 ut
1174 1748 1330 1788 colonia
1360 1748 1649 1801 deduceretur,

273 1808 452 1858 Pythiam
491 1809 531 1848 se
560 1808 761 1858 corrumpi
791 1808 941 1858 saepius
972 1810 1121 1859 passam
1151 1809 1294 1855 fuisse,
1331 1809 1494 1849 credere
1533 1809 1646 1851 lIcet.

272 1870 368 1910 δαεὶς
397 1870 496 1908 enim
525 1869 703 1916 constat,
743 1878 854 1914 eam,
890 1879 936 1909 ut
968 1870 1139 1909 faustum
1177 1870 1380 1910 oraculum
1416 1871 1643 1920 petentibus

272 1933 433 1977 ederet,
459 1931 561 1969 dona
588 1941 667 1969 non
688 1930 806 1969 semel
825 1931 1033 1980 accepisse.
1087 1931 1150 1971 Sic
1175 1931 1499 1980 Alcmaeonidae,
1522 1933 1644 1973 Athe·

275 1994 336 2033 nis
371 1993 556 2044 profugi,
585 1992 750 2049 Delphis
786 2002 1010 2040 morantes,
1049 1993 1213 2044 Pythiae
1251 1993 1418 2045 pecunia
1456 1994 1649 2045 persuase-

270 2066 388 2102 runt,
411 2066 456 2095 ut
476 2058 634 2105 quoties
660 2056 767 2094 cives
790 2054 964 2105 Spartani
986 2058 1186 2095 oraculum
1208 2054 1425 2096 consulturi
1447 2056 1647 2104 venirent,

275 2117 494 2158 constanter
520 2117 608 2156 illos
636 2126 837 2163 moneret,
858 2126 904 2156 ut
933 2118 1104 2156 Athenas
1128 2117 1346 2156 liberarent.
1400 2116 1565 2159 Hauon.
1588 2117 1641 2160 V.

271 2179 339 2227 63.
405 2177 517 2216 Hanc
544 2177 720 2217 fraudem
743 2188 763 2215 a
790 2177 1106 2218 Lacedaemoniis
1125 2185 1367 2227 compertam
1389 2177 1507 2219 fuisse
1530 2174 1648 2227 tradit

268 2239 395 2282 idem.
435 2238 485 2276 V.
524 2248 593 2287 9ο.
658 2237 880 2277 Clisthenes
922 2238 1026 2285 apud
1066 2238 1221 2277 eundem
1271 2237 1321 2279 V.
1362 2239 1429 2281 66.
1472 2241 1644 2288 dicitur,

272 2291 412 2359 όσπερ
439 2290 494 2352 δὴ
527 2289 663 2354 λόγον
690 2293 792 2355 ἔχει
800 2289 882 2351 τὴν
907 2295 1087 2354 Πυθίην
1109 2290 1365 2344 ἆναπῖισαι.
1420 2302 1473 2342 Et
1496 2302 1649 2343 Cobon'·

273 2369 480 2409 Cleomeni
503 2367 736 2406 conciliatus
748 2362 1005 2423 ΙΙερίαλλαν
1026 2359 1110 2420 τὴν
1132 2358 1383 2425 πρόμαντιν
1396 2357 1642 2421 ἀναπείθει,

275 2428 334 2477 τὰ
358 2429 612 2488 Κλεομένης
643 2424 847 2486 ἐβούλετο
871 2430 1110 2487 λέγεσθαι,
1136 2431 1288 2489 λέγειν·
1325 2444 1402 2484 qua
1423 2434 1558 2474 fraude
1576 2435 1646 2474 de-

277 2513 405 2547 tecta,
429 2501 575 2540 Cobon
603 2500 768 2550 Delphis
789 2498 969 2548 aufugit,
989 2492 1125 2540 mulier
1150 2510 1246 2542 vero
1268 2502 1418 2542 fatidica
1444 2492 1642 2554 ἐπαύσθη

273 2560 352 2618 τῆς
379 2558 520 2621 τιμῆς.
590 2564 690 2604 Vide
715 2573 977 2605 fleaonorum
1005 2563 1078 2605 Vl.
1106 2564 1172 2604 66.
