1787 3205
379 242 476 292 DE
510 240 835 293 COLONIIS
857 242 1235 293 ⁴VETERUM.
1400 258 1492 306 129

141 401 327 462 »Quid
351 404 485 451 enim
526 404 797 453 cavendum
824 410 900 450 est
932 405 986 450 in
1018 403 1224 450 coloniis
1249 403 1499 450 deducen-

142 496 172 529 ι)
195 481 272 528 dis
290 513 306 542 ,
345 480 380 528 fi
413 516 427 530 .
449 512 463 529 .
484 515 497 528 .
520 517 533 531 .
566 481 860 545 praesidium
889 496 990 528 non
1016 482 1346 545 praeponitur
1381 480 1499 528 huic

140 574 168 606 1)
189 552 425 606 urbiista
455 561 678 621 colonia,
718 559 796 606 sed
834 560 1110 623 opponitur
1122 558 1181 606 '2²’
1249 557 1362 604 Hoc
1389 557 1500 605 Ro·-

139 631 399 683 manorum
446 637 730 697 confilium,
777 652 1051 699 eorumque
1096 634 1414 698 prudentiam
1441 636 1496 682 in

138 713 258 760 locis
313 712 427 761 huie
482 713 673 761 ido'neis
727 714 961 776 eligendis
976 747 991 775 ,
1041 714 1210 761 multis
1262 712 1494 760 laudibus

138 791 329 839 extollit
358 793 486 839 idem
520 791 727 837 Marcus
759 791 975 838 Tullius·
995 790 1202 837 Cicero:
1231 806 1277 855 >1>
1303 807 1405 853 quo
1423 792 1495 838 'in

63 858 66 862 ¹
136 883 165 915 n
184 883 360 931 genere
374 868 426 928 ‚'’
466 868 630 930 inquit
645 901 662 928 ,
719 881 746 913 >2
769 874 827 914 ut
864 868 919 914 in
964 867 1139 913 ceteris
1190 868 1495 928 reipublicae

137 960 171 992 υ·
187 944 412 1007 partibus
427 978 443 1005 ,
477 951 552 991 est
591 959 772 1006 operae
808 944 1026 1006 pretium
1053 943 1357 1006 diligentiam
1384 960 1496 991 ma-

136 1022 353 1084 »iorum
394 1021 643 1068 recordari
658 1053 674 1080 ,
726 1021 814 1082 qui
854 1021 1074 1067 colonias
1116 1020 1179 1066 fic
1220 1021 1404 1067 idoneis
1443 1021 1498 1068 in

138 1113 166 1146 n
186 1098 306 1145 locis
339 1105 512 1145 contra
541 1097 869 1159 suspicionem
903 1099 1118 1162 periculi
1152 1099 1495 1159 collocarunt,

138 1179 247 1222 »ut
267 1174 368 1220 esse
408 1190 511 1221 non
551 1174 732 1236 oppida
763 1174 935 1223 Italiae
952 1211 968 1237 ‚
1010 1177 1090 1223 sed
1120 1176 1497 1238 propugnacula

136 1252 382 1315 »imperii
411 1252 623 1299 Romani
660 1252 980 1301 viderentur-'²
1016 1255 1170 1317 (502).

204 1328 436 1375 Tertium
466 1328 718 1375 confilium
750 1329 1057 1377 coloniarum
1096 1330 1496 1378 deducendarum

137 1405 234 1453 fuit
253 1440 271 1467 ,
307 1413 365 1453 ut
395 1405 539 1468 stirps
570 1405 794 1453 Romana
820 1414 1099 1470 augeretur.
1169 1406 1283 1454 Hoc
1310 1408 1497 1454 indicat

136 1483 312 1531 Livius
327 1517 343 1542 ,
380 1499 492 1530 cum
526 1483 851 1545 Magistratus
882 1484 1133 1530 Romanos
1165 1483 1497 1545 legationibus

136 1559 442 1605 coloniarum
490 1559 848 1606 nonnullarum
864 1592 880 1619 ,
934 1575 1061 1622 quae
1112 1559 1242 1606 bello
1303 1558 1497 1606 Punico

139 1635 349 1682 secundo
378 1635 554 1682 milites
595 1635 831 1683 Romanis
861 1644 1160 1698 negaverant
1176 1669 1191 1696 ,
1240 1637 1370 1684 inter
1397 1638 1496 1683 alia

137 1713 257 1760 haec
279 1712 493 1759 dicentes
525 1712 746 1760 inducit:
784 1728 811 1760 »
833 1709 1153 1760 admonerent
1182 1713 1362 1776 (suos),
1392 1730 1498 1761 non

136 1806 165 1838 υ
186 1788 491 1850 Campanae,
541 1803 703 1849 neque
759 1788 1058 1835 Tarentinos
1115 1805 1199 1836 eos
1239 1791 1368 1849 esse,
1415 1790 1496 1837 sed

136 1882 164 1914 )›
186 1866 464 1923 Romanos3
508 1864 620 1910 inde
674 1863 912 1911 oriundos
932 1898 947 1923 ,
1006 1864 1117 1910 inde
1166 1866 1221 1910 in
1271 1866 1493 1914 colonias

136 1958 164 1990 »
185 1950 334 2005 atque
366 1943 423 1989 in
462 1957 635 2004 agrum
683 1940 810 1987 bello
851 1947 1050 2003 captum
1071 1940 1260 2004 stirpis
1291 1959 1494 2007 augen-

136 2036 165 2068 »
185 2021 285 2067 dae
309 2020 468 2083 causa
498 2018 697 2068 missos„
733 2018 886 2080 (505).

203 2096 453 2156 Quartum
476 2096 573 2144 fuit
596 2095 879 2156 confilium,
922 2102 981 2142 ut
1008 2094 1148 2158 plebs
1176 2095 1371 2144 urbana
1400 2113 1493 2145 ex-

132 2175 454 2232 hauriretur3
495 2175 576 2221 cui
615 2173 749 2219 aliud
778 2172 972 2219 accessit
987 2206 1003 2233 ,
1034 2180 1092 2220 ut
1119 2174 1213 2221 hoc
1241 2175 1386 2221 modo
1414 2176 1495 2223 se-

132 2252 339 2299 ditiones
355 2285 370 2311 ,
416 2266 542 2312 quae
569 2256 778 2313 propter
806 2265 1034 2298 annonae
1083 2251 1346 2313 penuriam
1389 2268 1493 2299 non

1410 2343 1497 2376 ra·-

183 2511 312 2563 (302)
341 2512 505 2552 CxcssRo
529 2511 624 2550 ibid.
654 2511 709 2553 11.
738 2521 806 2560 27.

185 2573 314 2625 (303)
343 2574 487 2615 L1v1us
516 2573 684 2614 xxvu.
719 2585 759 2623 9.
806 2634 830 2680 I

24 3150 55 3163 w,

72 3177 117 3193 Ὶν-ῡ.
