1787 3205
221 256 285 291 22
481 225 593 291 DE·
611 240 950 293 commis
971 243 1340 296 vemaum.

221 402 271 451 le
316 400 471 448 fortes
512 402 699 450 aemuli
749 404 1034 464 metuendi3
1060 405 1169 462 ,ubi
1208 412 1373 453 autem
1402 406 1454 454 hi
1495 406 1590 453 sese

222 477 464 526 offerrent
478 514 494 540 ‚
533 478 730 527 facilius
757 482 914 530 averti
950 488 1212 543 poterant3
1254 490 1381 546 quae
1425 484 1590 532 omnia

221 557 371 604 etiam
405 559 766 621 perspexerunt
804 560 965 605 nostri
1008 559 1245 624 maiores,
1287 562 1374 623 qui
1401 568 1476 609 tot
1498 576 1591 608 co·-

217 636 377 685 lonias
404 637 460 683 in
483 635 807 685 orientalibus
835 636 1011 683 insulis
1043 624 1588 688 condiderunt.--Ne-

216 729 318 776 que
347 713 564 775 populos
604 720 915 760 mercaturae
957 720 1007 760 et
1042 714 1342 777 navigationi
1384 732 1589 777 operam

215 791 415 852 dantes,
442 799 500 838 et
539 807 632 853 per
667 791 885 839 colonias
912 807 994 851 eas
1033 807 1311 855 propagare
1339 791 1585 840 studentes

214 867 384 930 decet,
419 883 665 932 occupare
706 869 849 930 loca,
890 868 980 919 nifi
1008 870 1237 932 videant,
1288 885 1388 933 quo
1435 870 1584 917 modo

212 935 329 994 tuto
379 961 437 993 ea
475 948 667 1009 posfint
706 948 1018 1010 conservari,
1078 949 1196 1010 quid
1243 949 1367 996 utile
1385 983 1400 1009 ,
1468 949 1587 1011 quid

216 1023 357 1070 noxii
398 1039 461 1071 ex
496 1025 555 1070 iis
595 1024 684 1086 fit,
726 1033 777 1073 et
819 1041 918 1088 qua
959 1026 1151 1073 ratione
1191 1026 1378 1089 lingula
1417 1026 1582 1073 confi-

213 1101 284 1147 lio
319 1102 406 1148 suo
452 1103 627 1148 idonea
674 1102 845 1149 haberi
890 1103 1095 1164 posfint.
1130 1130 1197 1140 -
1232 1103 1364 1149 Hinc
1417 1102 1583 1149 Phoe-
1656 1158 1658 1161 Α

212 1167 350 1225 nices
378 1186 521 1225 caute
549 1186 821 1240 caverunt,
851 1194 914 1225 ne
947 1179 1091 1226 fimul
1113 1195 1226 1227 cum
1251 1179 1362 1227 aliis
1385 1178 1586 1242 populis

212 1255 434 1303 colonias
458 1257 529 1303 in
565 1257 738 1304 iisdem
776 1256 1059 1320 regionibus
1095 1257 1348 1305 haberent.
1420 1256 1587 1318 Supra

209 1334 308 1379 iam
337 1334 546 1393 monui,
585 1349 698 1394 eos,
738 1334 944 1381 Graecis
969 1335 1192 1395 potentia
1216 1332 1580 1393 crescentibus,

206 1409 352 1459 Afiae
377 1410 586 1458 minoris
622 1412 724 1458 or-is
767 1411 1041 1473 insulisque
1069 1412 1219 1458 maris
1248 1409 1429 1475 Aegaei
1471 1423 1583 1457 ces-

208 1486 333 1535 fisse.
404 1487 591 1535 Eodem
624 1488 801 1548 modo,
835 1488 1068 1549 deinceps
1104 1488 1319 1535 Siciliam
1353 1488 1457 1534 fere
1491 1494 1577 1534 to-

207 1571 312 1611 tam
344 1564 550 1611 Graecis
598 1564 942 1626 reliquerunt,
987 1571 1036 1611 et
1071 1566 1124 1611 in
1165 1565 1287 1610 alias
1319 1565 1542 1626 regiones
1561 1598 1577 1624 ,

206 1640 451 1704 Motyan‚
490 1642 669 1687 Soloen
698 1649 748 1687 et
787 1640 1094 1688 Panormum
1127 1642 1414 1702 petiverunt
1454 1641 1578 1702 (56).

203 1717 385 1781 Neque
412 1719 535 1765 alias
559 1725 909 1767 extranearum
948 1718 1167 1780 gentium
1207 1717 1457 1777 colonias,
1490 1724 1581 1764 aut

201 1797 493 1858 peregrinos
535 1795 587 1841 in
632 1794 913 1856 regionibus
930 1825 948 1854 ,-
991 1794 1094 1839 suis
1128 1793 1337 1839 coloniis
1362 1810 1583 1853 occupa-

201 1874 295 1934 tis,
334 1871 669 1936 patiebantur.
754 1871 945 1917 Exinde
981 1869 1187 1917 fortasse
1230 1871 1378 1916 etiam
1415 1870 1581 1931 expli-

200 1951 436 2010 candum,
464 1949 596 2010 quod
621 1955 810 1994 ceterae
838 1956 1005 2009 gentes
1029 1963 1199 1994 omnes
1223 1948 1574 2007 nesciverunt,

197 2028 333 2075 unde
357 2026 549 2075 divitias
575 2026 703 2103 suas
717 2031 945 2103 peterent
971 2024 1242 2071 Phoenices
1261 2058 1276 2085 ,
1308 2040 1406 2086 qua
1434 2024 1494 2071 de
1518 2041 1574 2073 re

199 2106 353 2167 supra
391 2105 490 2150 iam
528 2092 732 2165 egimus.

265 2182 401 2228 Idem
433 2181 582 2242 plane
606 2179 865 2226 confilium
895 2178 1096 2225 secutos
1123 2175 1300 2223 fuisse
1297 2176 1572 2241 Carthagi-‚-

198 2258 425 2316 menses,
460 2271 521 2302 ex
563 2262 778 2317 utroque
823 2253 1016 2301 foedere
1063 2260 1230 2315 patet,
1275 2253 1409 2315 quod
1452 2267 1572 2314 ‘cum

198 2335 439 2383 Romanis
478 2333 708 2379 fecerunt
756 2332 878 2394 (57),
961 2330 1152 2378 Eorum
1192 2339 1358 2378 tamen
1399 2331 1573 2392 agendi

1484 2423 1572 2454 ra-

251 2530 354 2586 (36)
381 2529 572 2570 Teucvn.
603 2529 680 2570 VI.
706 2542 745 2568 2.

252 2591 359 2648 (37)
388 2590 506 2641 APud
536 2601 681 2634 nomm.
710 2600 805 2630 tom.
837 2588 880 2636 1,
910 2599 949 2639 p.
971 2598 1070 2639 434,
1105 2599 1195 2639 437.
1251 2587 1310 2636 ed.
1337 2589 1567 2639 >=Schweigh.
