1787 3205
389 190 392 192 ’
445 211 549 273 ΒΕ
567 222 908 293 ‘cononns
938 187 1310 274 mmmm}
1500 228 1572 290 4⁸7.

202 399 313 447 gam
356 399 606 432 annorum
641 381 820 433 'seriem
855 384 949 430 hoc
992 382 1269 446 Hispaniae
1314 391 1567 448 proventu

187 454 303 510 ·uti·'v
323 469 584 524 poterant,
631 463 719 523 [oli
753 477 845 523 per
880 469 1043 508 totum
1074 462 1242 509 orbem
1272 464 1441 509 omnia
1467 461 1567 509 illa

165 526 168 530 ”
202 539 402 587 metalla
447 540 597 588 variis
637 539 897 603 gentibus,
930 538 1291 587 distribuebant
1334 548 1385 587 et
1427 548 1568 589 tanto

201 617 357 666 studio
387 617 627 665 curabant
642 652 657 678 ,
686 628 744 665 ut·
756 619 931 666 harum
950 618 1237 666 divitiarum
1256 617 1417 665 fontes
1436 625 1569 664 cete-

200 709 285 742 ros
302 696 513 758 populos
529 696 737 742 laterent
749 730 765 756 ‚
794 705 851 742 ut
871 711 1170 757 quamquam
1189 697 1251 744 iis
1268 695 1567 758 utebantur,

199 774 342 821 etiam
369 773 730 836 posterioribus
756 772 1066 833 temporibus
1091 774 1403 835 ignorarent,
1435 773 1569 821 unde

197 852 283 899 illa
317 851 484 898 omnia
524 850 796 898 Phoenices
835 850 1102 897 hauserint.
1189 850 1420 912 Denique
1463 868 1568 899 non

200 941 379 991 magno
436 929 601 974 sumtu
668 928 794 973 hanc
858 926 1152 974 exercebant
1224 937 1568 977 mercaturam.

198 1006 574 1054 Permutatione
597 1007 746 1052 'enim
766 1039 781 1065 ,
836 1007 909 1052 uti
953 1006 1251 1068 plerumque
1298 1008 1433 1068 apud
1472 1023 1570 1054 an·

199 1086 367 1147 tiqu'os
405 1084 647 1146 populos,
694 1082 780 1129 illa
820 1081 982 1131 fiebat.
1043 1083 1101 1129 In
1144 1083 1446 1145 Hispaniam⁴
1471 1084 1572 1147 igi-

195 1168 285 1208 tur
324 1161 603 1219 venientes,
646 1174 832 1205 merces
871 1160 1007 1221 apud
1036 1160 1082 1205 se
1119 1176 1219 1205 non
1251 1162 1568 1222 magni-pre-

198 1240 257 1287 tii
296 1239 455 1286 secum
495 1237 792 1302 portabant3
851 1254 972 1301 quas
1015 1246 1176 1284 tamen
1225 1237 1357 1286 Iberi
1400 1239 1569 1302 magni

195 1316 442 1364 faciebant
465 1350 480 1377 ,
535 1332 715 1378 easque
770 1333 884 1363 cum
944 1317 1148 1378 egregiis
1203 1316 1299 1363 illis
1357 1312 1571 1392 metalliq

195 1394 576 1457 permutabant‚
614 1410 830 1455 quorum
866 1394 1011 1439 initio
1048 1394 1137 1454 ipfi
1176 1393 1309 1458 Iberi
1344 1396 1565 1455 pretium

196 1469 527 1534 ignorabant3
586 1485 775 1533 neque»
795 1470 928 1516 iusto
979 1470 1144 1531 pretio
1202 1469 1452 1517 aestimare
1505 1486 1564 1518 ea

194 1550 341 1611 prius
370 1536 707 1609 incipiebant,
741 1563 889 1610 quam
930 1548 1309 1608 intellexissent,
1343 1556 1568 1611 quanto-

193 1641 314 1690 pere
346 1625 616 1676 Phoenices
651 1641 709 1690 ea
747 1625 990 1688 posfidere
1018 1623 1282 1672 studerent;

261 1703 620 1764 Praeterquam
675 1703 913 1763 metallis,
962 1703 1049 1748 soli
1108 1703 1256 1749 etiam
1306 1703 1562 1752 fertilitate

193 1779 438 1843 Hispania
501 1776 833 1825 Phoenicibus
890 1779 1145 1825 utilissima
1191 1779 1290 1826 fuit
1334 1782 1560 1844 colonia,

196 1863 503 1922 quapropter
542 1857 661 1902 haec
704 1871 803 1900 non
834 1856 1000 1901 minus
1031 1871 1088 1900 ac
1121 1856 1206 1901 illa
1246 1872 1329 1902 eos
1367 1859 1560 1906 allicie-

192 1936 295 1983 bat.
367 1934 498 1980 Tota
537 1933 666 1978 enim
708 1932 954 1993 Hispania
986 1933 1199 1979 maxima
1241 1934 1444 1996 frugum
1471 1954 1564 1983 co·-

179 2015 281 2076 ·-pia
323 2011 627 2074 praestabat3
665 2010 716 2055 in
745 2009 919 2070 primis
957 2025 1074 2056 vero
1101 2009 1436 2072 'rur-ditania,
1468 2009 1564 2062 cu-

192 2091 272 2138 ius
311 2090 506 2152 quidem
545 2087 787 2149 fingulare
815 2085 941 2146 fuit,
990 2086 1124 2147 quod
1164 2095 1214 2133 et
1256 2091 1468 2137 metallis
1510 2099 1561 2139 et

194 2167 424 2228 frugibus
449 2164 728 2210 abundabat
748 2197 761 2222 ,
799 2175 922 2208 cum·
942 2170 1131 2208 ceterae
1161 2166 1383 2226 regiones
1407 2168 1565 2215 alter-

193 2247 320 2293 utris
359 2252 553 2292 tantum
584 2242 767 2289 fertiles
808 2242 982 2290 essent.
1056 2243 1130 2289 lta
1176 2244 1308 2291 enim
1358 2244 1564 2295 Strabo:

191 2326 405 2373 Σπανίον
433 2327 504 2380 δὲ,
531 2321 601 2366 ait
617 2354 630 2379 ,
661 2319 1008 2386 ἕνᾶμφοτέροις
1032 2320 1232 2384 swein·
1270 2321 1463 2372 σπανίὸν
1490 2330 1566 2385 δε,

192 2409 270 2451 καὶ
287 2400 345 2451 'rc‘
391 2399 472 2449 τὶν
508 2397 647 2458 ἀυτὴν
688 2402 735 2447 ἐν
771 2396 904 2464 ὀλίγῳ
928 2402 1073 2463 χωρίῳ
1116 2402 1347 2457 παντοίοις
1395 2402 1568 2461 πληθό·

192 2497 285 2529 νειν
332 2477 579 2540 μετάλλοις.
654 2474 726 2523 ‘H
775 2480 822 2523 δε
866 2479 1161 2541 Τουρδιτανία
1212 2484 1290 2525 καὶ
1335 2477 1366 2535 ἡ
1404 2499 1567 2545 προσε-

190 2554 275 2617 χὴς
314 2553 450 2611 αὕτη,
501 2553 636 2615 λόγον
656 2550 833 2608 ,οἷδὲνα
879 2552 1006 2610 ἄξιον
1031 2557 1285 2604 καταλείπει
1308 2563 1410 2620 περὶ
1434 2557 1565 2606 τίνδε

1482 2635 1565 2694 τὴν
