1787 3205
195 235 263 283 32
454 235 552 285 DE
585 211 1318 292 conomisve'rssstun.

196 395 302 443 sent
323 391 454 455 (62),
489 394 762 446 Herculem
786 405 948 448 tamen
974 400 1191 465 Tyrium
1214 402 1406 465 semper
1425 399 1564 449 sum-

197 487 401 532 mopere
444 472 741 535 coluerunt,
780 493 893 524 cum
935 478 997 524 ad
1033 478 1203 525 ultima
1234 493 1393 541 usquo
1433 476 1563 540 Tyri

196 557 424 612 tempora
451 550 635 614 legatos
668 552 864 615 Tyrum
891 556 1170 615 mitterent,
1196 556 1317 603 hu‘ie
1337 556 1446 602 Deo
1480 555 1563 602 sa-
1608 567 1610 572 ·
1673 580 1687 589 -

197 637 299 676 cra·
331 629 564 677 facturos.
632 629 710 676 Ita
757 630 962 695 Olymp.
997 630 1232 681 CXVIII.
1265 634 1297 681 5
1335 648 1563 697 magnam

193 708 435 770 pecuniae
463 708 565 755 vim
590 708 847 771 multaque
887 711 983 757 alia
1022 711 1186 772 pretio
1214 709 1420 772 infignia
1448 711 1565 772 Ty·-

190 801 306 832 rum
335 785 397 831 ad
419 790 538 831 ‘eum
570 787 811 842 misera-nt
839 786 1259 851 Carthaginienses
1287 786 1434 850 (65).
1483 785 1564 834 Sic

192 869 439 924 tempore,
460 879 559 925 quo
575 861 853 911 Alexander
871 865 1083 928 Magnus
1101 866 1300 928 Tyrum
1315 864 1564 912 obsidione

173 939 421 1003 ‘cingebat
438 972 454 1001 ,
504 940 687 1003 legatos
727 943 779 989 in
823 942 1057 991 Herculis
1096 943 1336 990 honorem
1363 941 1425 989 ad
1453 955 1565 989 me-

192 1017 415 1079 tropolin
457 1018 698 1065 miserunt
744 1015 894 1080 (64).
962 1019 1382 1082 Carthaginienses
1415 1018 1563 1066 etiam

192 1095 246 1141 in
271 1095 524 1157 regiones,
550 1094 604 1141 in
636 1095 815 1157 quibus
840 1097 1059 1144 colonias
1085 1096 1412 1144 condiderunt
1430 1129 1447 1156 ‚
1471 1094 1565 1142 uni

195 1172 345 1218 alicui
384 1171 495 1217 Deo
527 1172 694 1232 patrio
735 1174 980 1234 templum
1017 1180 1311 1235 erexerant,
1358 1180 1412 1220 ut
1451 1188 1566 1219 om·-

193 1250 315 1297 nino
347 1256 482 1310 patet
512 1264 574 1294 ex
597 1249 866 1297 Hannonis
889 1252 1083 1298 itineris
1113 1251 1471 1313 descriptione,
1499 1264 1564 1296 ex

193 1341 295 1389 qua
322 1325 559 1372 docemur
576 1360 592 1386 ,
623 1326 759 1374 hunc
793 1327 975 1389 templa
1001 1327 1239 1390 Neptuno
1269 1327 1495 1375 erexisse.

258 1403 406 1450 Ritus
433 1410 483 1449 et
514 1404 842 1451 caerimoniae
876 1405 939 1451 ad
976 1404 1258 1467 religionem
1297 1404 1555 1466 pertinen·-

190 1488 265 1528 tes
298 1496 328 1527 a
367 1480 700 1528 Phoenicibus
742 1482 795 1528 in
818 1497 989 1528 omnes
1014 1482 1232 1528 colonias
1266 1481 1563 1528 introduce-

192 1558 396 1606 bantur.
466 1558 574 1616 Ita,
620 1574 808 1604 morem
844 1559 1100 1604 hominum
1146 1558 1260 1603 Diis
1294 1557 1564 1603 immolan-

190 1637 369 1682 dorum
425 1635 850 1697 Carthaginienses
898 1652 928 1681 a
973 1633 1304 1681 Phoenicibus
1351 1649 1563 1695 accepe-

191 1720 312 1760 rant
342 1713 489 1772 (65).
560 1712 718 1758 Certis
759 1720 925 1758 autem
963 1709 1299 1773 temporibus,
1342 1711 1561 1757 infantes

190 1790 574 1838 clarissimarum
618 1788 916 1835 familiarum
965 1787 1180 1834 Saturno
1224 1787 1382 1834 sacros
1425 1787 1563 1835 dice—

191 1868 329 1915 bant.
400 1867 654 1914 Diodorus
695 1867 842 1913 huius
883 1866 956 1913 rei
995 1866 1245 1930 egregium
1273 1872 1445 1912 narrat
1469 1880 1564 1912 ex-

191 1945 430 2008 emplum.
502 1942 752 2006 Tempore
782 1958 883 2006 quo
906 1941 1198 2005 Agathocles
1224 1941 1406 1989 obsidio
1432 1941 1562 1989 Car-

1447 2020 1563 2068 tha-

245 2213 347 2264 (62)
378 2216 437 2253 De
464 2212 638 2251 Gadibus
666 2212 744 2251 hoc
772 2220 935 2250 testatur
964 2222 1174 2252 mononus
1210 2223 1284 2253 s1c.
1315 2212 1366 2253 V.
1397 2225 1462 2254 20.
1490 2211 1563 2253 ibi-

188 2287 268 2327 que
296 2285 468 2314 wasser„
525 2274 588 2310 Sic
612 2273 863 2321 Proserpinae
899 2281 937 2310 et
969 2273 1120 2311 Cereris
1154 2273 1373 2313 sacerdotio
1404 2273 1563 2313 clarissi-

190 2349 276 2377 mos
295 2337 440 2376 civium
466 2334 795 2383 Carthaginienses
815 2333 1045 2384 praefuisse,
1072 2335 1233 2385 legimus
1252 2335 1355 2385 apud
1376 2336 1560 2377 eundem.

187 2401 298 2439 xlv.
324 2411 391 2451 77.
1345 2409 1350 2412 “

242 2461 345 2512 (63)
373 2460 492 2499 Idem.
517 2459 605 2501 XX.
636 2468 701 2501 14.

239 2523 345 2575 (64)
373 2523 604 2562 Animus.
640 2522 693 2560 11.
721 2532 785 2569 24.
840 2519 909 2558 Cf.
939 2529 1135 2561 cunrms.
1164 2520 1234 2559 lv.
1262 2532 1302 2559 2.

243 2583 346 2636 (65)
377 2585 440 2626 ef.
470 2589 662 2623 cunnus.
695 2582 764 2622 [V.
794 2591 832 2630 3.
