1787 3205
439 242 538 308 DE
571 241 902 293 cononns
921 241 1302 294 -νΕΤΕειυΜ,
1488 244 1554 293 66

192 401 600 458 huiuscoloniae.
616 401 876 451 confilium
906 409 1015 451 erat
1031 437 1047 464 ,
1065 411 1126 451 ut
1155 401 1381 451 Athenae
1411 403 1559 450 inco·-

188 481 354 530 larum
371 479 687 529 multitudine
711 478 1048 550 liberarentur
1064 514 1081 543 ,
1111 496 1240 544 quae
1268 481 1417 530 nimis
1446 494 1561 528 ma-

188 574 288 622 gna
310 564 419 606 erat
433 592 451 621 ‚
482 565 532 606 et
563 559 722 607 otium
764 559 972 622 sequens
1017 565 1124 606 tum
1160 559 1372 607 civitatis
1411 566 1559 606 tran-

189 635 425 703 quillitati
463 643 568 685 tum
613 631 829 684 confiliis
875 634 1084 685 Periclis
1131 636 1405 699 periculola
1446 635 1557 683 for-

187 712 324 761 tasfis
366 714 487 763 esset
530 714 685 778 (156).
755 712 905 762 Anno
952 714 1101 762 etiam
1144 714 1293 762 tertio
1342 711 1552 777 Olymp.

187 789 255 853 89
299 807 390 840 ver
413 792 643 855 sacrum.
664 792 718 837 in
740 791 993 850 ¹coloniam
1024 791 1176 837 fuisse
1201 792 1403 839 missum
1419 825 1436 853 ,
1465 807 1557 839 ar-

184 868 297 931 guit
338 868 620 930 exemplum
656 866 877 914 coloniae
912 866 1418 915 Lacedaemoniorum
1444 867 1558 916 He-

187 944 403 995 racleam
448 944 685 992 deductae
700 978 716 1005 ,
765 944 901 1007 quod
957 942 1109 992 exstat
1163 944 1299 1007 apud
1344 943 1559 992 Eusebi-

188 1038 276 1069 um
326 1022 485 1087 (157).
555 1021 730 1069 Talem
774 1036 965 1069 morem
1012 1021 1367 1084 antiquisfimis
1427 1029 1560 1070 tem-

184 1098 393 1162 poribus
412 1132 429 1161 ,
491 1096 677 1161 quibus
749 1097 976 1153 civitates
1045 1096 1269 1146 Graecae
1330 1105 1558 1147 recenter

184 1175 390 1224 fuerant
451 1182 683 1236 exortae,
739 1174 907 1223 locum
961 1174 1187 1223 habuisse
1205 1210 1221 1237 ,
1275 1176 1452 1223 minus·
1481 1182 1561 1223 est

188 1254 325 1316 quod
350 1253 593 1301 miremur
609 1285 626 1314 ,
662 1267 812 1316 quam
843 1252 1008 1305 huius,
1025 1251 1256 1316 deinceps
1285 1252 1435 1300 etiam
1470 1252 1557 1301 in-

190 1331 351 1380 veniri
373 1329 601 1392 exempla
615 1363 630 1387 ,
664 1344 693 1377 ›>
713 1345 829 1377 cum
863 1329 916 1376 in
957 1329 1238 1378 civitatibus
1262 1329 1388 1377 bene
1414 1331 1558 1378 ordi-

184 1408 319 1455 natis
353 1414 430 1455 tot
471 1405 787 1469 exquifitiora
823 1405 1023 1469 confilia
1063 1414 1114 1454 et
1154 1405 1401 1455 artificiofi
1438 1423 1559 1455 mo·-

185 1485 239 1531 di
286 1485 626 1531 sustentandae
667 1482 828 1545 plebis
858 1485 1127 1546 excogitari
1153 1484 1343 1545 posfint
1358 1518 1374 1544 ,
1407 1485 1555 1537 modo

187 1550 342 1610 animi
382 1559 644 1608 hominum
682 1560 744 1608 ad
789 1560 917 1608 hanc
963 1559 1212 1609 solertiam
1239 1568 1290 1608 et
1323 1561 1560 1625 sagacita-

99 1690 103 1693 ,
169 1647 288 1688 ¹tem
316 1637 601 1685 acuantur”
633 1635 792 1700 (158).

251 1714 458 1777 Saepius
500 1715 650 1771 etiam
694 1713 887 1775 evenit,
936 1721 996 1762 ut
1053 1714 1260 1763 crimine
1305 1716 1518 1766 convicti
1535 1749 1556 1777 ,

175 1790 288 1843 'five
315 1791 566 1855 principes
604 1790 678 1837 illi
708 1791 867 1837 essent
897 1790 995 1839 five
1018 1791 1152 1839 cives
1170 1825 1187 1851 ,
1224 1792 1286 1838 ad
1314 1792 1408 1839 hoc
1447 1794 1553 1839 cri-

186 1886 301 1919 men
353 1868 650 1932 expiandum
704 1865 917 1928 patriam
976 1866 1262 1928 relinquere
1311 1883 1555 1931 cogeren-

186 1954 274 1996 tur
305 1946 459 2008 (159).
526 1944 598 1992 Hi
622 1949 786 1991 autem
826 1941 1011 1990 multos
1038 1942 1228 2004 saepius
1258 1943 1423 1993 secum
1446 1946 1554 1994 du-

1470 2040 1557 2072 ce·-

235 2270 363 2323 (136)
395 2272 637 2310 Pau-unca.
662 2269 708 2308 de
733 2271 831 2320 reip.
855 2281 940 2320 ger.
962 2278 1096 2320 praec.
1125 2278 1227 2309 tom.
1251 2269 1316 2318 11,
1339 2281 1381 2320 p.
1407 2272 1497 2311 812.

237 2331 366 2386 (137)
396 2334 567 2374 Eusann
594 2331 732 2372 Chron.
761 2343 803 2382 p.
844 2342 931 2382 ¹23·
958 2331 1021 2371 ed.
1049 2332 1310 2383 Burdegalae.
1339 2333 1451 2384 1604.
1489 2334 1552 2371 De

187 2395 259 2436 hac
291 2396 452 2436 colonia
486 2396 543 2436 cf.
574 2404 762 2436 rnucvn.
796 2392 875 2436 111.
913 2405 981 2444 92·
1033 2394 1165 2434 Dton.
1196 2403 1272 2435 stc.
1305 2392 1402 2436 XII.
1435 2404 1486 2446 59
1513 2402 1553 2434 et

189 2467 345 2497 sraano
374 2458 443 2497 IX.
469 2468 558 2507 pag.
583 2457 671 2506 655·

229 2516 365 2570 (138)
394 2517 636 2559 Suntverba
657 2527 801 2557 namu
832 2518 967 2567 Opusc.
995 2515 1116 2556 Acad.
1146 2516 1188 2563 1.
1218 2529 1259 2567 p.
1286 2518 1376 2567 296.

238 2576 368 2632 (139)
395 2581 610 2622 Emurm.
636 2582 677 2619 in
705 2581 851 2620 Oreste.
876 2590 936 2620 vs.
962 2588 1054 2629 513·

847 2641 892 2687 E
