1787 3205
471 235 573 308 DE
605 242 1339 312 COLoan‘VETERUM.
1529 257 1592 304 ιε

225 435 318 484 per
333 419 530 483 longam
554 418 1030 468 seculnmmffleriem
1058 433 1173 465 cum
1190 416 1340 464 nullis
1356 414 1470 463 fere>
1490 431 1592 478 po-

224 496 358 559 pulis
398 496 567 544 bellis«.
582 497 988 558 implicarentur,
1006 515 1009 516 ⁷
1026 502 1083 542 *et
1109 501 1451 541 mercaturam.
1466 493 1589 555 qui-

225 575 293 620 eti
314 581 540 620 exercere
564 575 789 636 possent,
830 572 1220 627 nullis4aemulis
1249 570 1553 617 obstantibus
1569 604 1585 631 ,

226 651 366 697 cuius
394 651 469 698 rei
499 651 643 698 causa
688 651 788 697 esse
819 650 1014 698 videtur
1028 684 1044 710 ,
1059 695 1062 698 .
1079 648 1212 711 quod
1235 648 1334 695 illis
1360 648 1591 710 praeser-

222 727 313 775 tim
337 726 999 790 temporibusmercaturam
1030 726 1343 774 exercuerint
1357 760 1373 787 ,
1407 724 1592 789 quibus

223 804 260 853 fi
290 805 376 851 hic
396 804 828 865 vel-illepopulus
868 804 1094 865 potentia
1128 804 1442 864 aliquantum
1472 819 1589 850 cre-

221 882 401 941 sceret,
424 881 525 927 fine
546 881 725 926 damno
747 880 929 926 horum
942 880 1173 943 regiones
1190 879 1472 941 relinquere
1492 891 1593 942 po-‘

221 959 413 1004 tuerint
428 991 445 1016 ,
468 958 573 1003 alia·
591 958 701 1003 loca
731 957 984 1003 illoaevo.
1004 957 1171 1002 minus
1196 956 1515 1017 frequentata.-
1533 966 1591 1002 ‹et

221 1032 446 1079 feliciora
470 1031 751 1095 quaefituri.
818 1032 1062 1094 Carthago
1102 1047 1221 1080 vero
1259 1031 1357 1078 illis
1389 1038 1591 1094 tempo·

221 1110 361 1158 ribus
388 1109 626 1169 florebat,
649 1108 838 1171 quibus
865 1110 1014 1170 plura
1048 1110 1146 1155 iam
1169 1125 1345 1172 magna
1376 1111 1592 1172 imperia

221 1186 551 1235 exstiterunt..
575 1183 902 1235 Alexandriae
929 1193 980 1233 et
1010 1186 1197 1233 Romae
1226 1187 1459 1250 potentia
1475 1187 1592 1250 glo-

216 1265 396 1331 riaque
436 1263 722 1314 crescebant
739 1297 755 1323 ,
784 1279 970 1325 easque
1012 1265 1232 1311 aemulas
1265 1266 1590 1311 nancisceba-

220 1347 308 1387 tur
339 1339 611 1401 CarthagO,
640 1339 854 1401 quarum
884 1341 1036 1403 igitur
1057 1357 1176 1403 opes
1204 1349 1428 1389 metuens
1444 1376 1461 1403 ‚
1494 1343 1592 1390 rei-

220 1416 451 1476 publicae
494 1415 617 1464 fines
647 1418 923 1479 propagare
938 1452 953 1477 ,
1004 1432 1186 1479 eosque
1201 1452 1217 1479 ,
1270 1420 1432 1481 quoad
1478 1421 1590 1467 eius

220 1489 328 1538 fieri
358 1493 520 1553 posset
537 1525 557 1552 ,.
584 1498 759 1539 contra
783 1494 998 1539 illorum*
1018 1495 1297 1542 invafiones
1327 1494 1590 1544 defendere

219 1575 272 1616 et
301 1569 437 1615 tueri
457 1591 475 1628 ,-
503 1568 769 1630 prudentia
798 1569 953 1617 civilis
980 1570 1196 1619 iubebat.

220 1677 222 1679 -
268 1643 520 1692 ·Alterum
557 1643 813 1692 confilium
828 1678 845 1706 ,
899 1661 1000 1708 quo
1048 1647 1324 1711 Phoenices
1371 1651 1589 1699 colonias

220 1721 563 1781 deduxerunt,
629 1727 765 1782 erat,
799 1713 884 1769 *ut
916 1724 1006 1771 *ita
1067 1726 1219 1773 nimia
1272 1726 1587 1789 superfluen-

220 1804 271 1846 te
314 1797 588 1851 incolarum
640 1798 788 1845 turba
831 1801 1003 1848 civitas
1051 1802 1366 1851 liberaretur.
1440 1805 1590 1853 Tales

223 1876 420 1939 quidem
466 1875 686 1921 coloniae
725 1891 829 1922 non
858 1878 1189 1940 emittuntur,
1240 1888 1300 1929 ut
1331 1891 1589 1934 mercatu-

220 1968 307 2001 rae
348 1952 649 2012 inserviant,
703 1952 783 1998 sed
834 1955 1003 2015 potius
1047 1956 1134 2003 has
1178 1958 1452 2020 sequantur
1492 1978 1589 2009 ne-

223 2030 350 2077 cesse
395 2037 485 2076 est.
583 2028 816 2077 Civitates
870 2032 1003 2076 enim
1047 2035 1194 2094 parvi
1236 2036 1452 2085 ambitus
1471 2072 1487 2099 ‚
1532 2040 1589 2087 in

223 2106 405 2169 quibus
437 2112 717 2164 ,mercatura
767 2113 817 2153 et
867 2108 1115 2170 navigatio
1166 2114 1431 2176 praecipui
1471 2116 1590 2178 sunt

187 2212 192 2219 -
221 2184 412 2244 fonteS,
441 2184 572 2231 unde
599 2183 727 2232 cives
753 2186 904 2232 vitam
930 2195 1201 2248 quaerant,
1220 2189 1390 2252 brevi,
1418 2193 1591 2241 multis

222 2261 598 2311 advenientibus
625 2261 823 2308 advenis
844 2297 860 2323 ,
887 2280 1098 2334 numero
1138 2267 1351 2330 civium,
1391 2270 1446 2316 in
1471 2272 1587 2333 pri-

222 2340 320 2387 mis
348 2338 600 2387 inferioris
637 2340 961 2403 conditionis,
993 2344 1139 2390 nimis
1161 2361 1337 2409 magno
1367 2364 1588 2395 oneran-

222 2425 341 2479 tur,
367 2419 455 2481 qui
472 2453 487 2478 ‚
507 2417 543 2464 fi
569 2430 737 2464 omnes
757 2434 861 2465 non
890 2420 1001 2466 satis
1027 2421 1268 2484 habeant,
1287 2425 1419 2471 unde
1433 2428 1587 2475 vitam

223 2494 526 2556 sustentent,
568 2494 840 2544 multarum
868 2496 1127 2546 turbarum
1163 2508 1212 2547 et
1249 2509 1475 2550 motuum
1513 2506 1589 2551 ci-

224 2570 397 2620 vilium
442 2571 710 2623 necessaria
741 2575 856 2624 sunt
899 2577 1069 2640 causa,
1098 2579 1382 2644 civitatique
1414 2599 1591 2645 magna

1451 2661 1592 2708 dam-
