1787 3205
217 231 275 277 14
355 277 369 284 ,
466 230 563 277 DE
598 226 925 276 COLONIIS
960 229 1330 292 vn‘rnaUM.

278 387 760 451 Carthaginienfibus
817 396 1072 452 praeterea
1122 391 1224 451 alia»
1272 393 1578 455 coloniarum

211 465 607 514 deducendarum
653 467 782 513 ratio
810 475 934 514 erat
948 502 964 529 ‚
983 505 989 513 .
1006 484 1040 515 a
1067 467 1400 519 Phoenicibus
1432 471 1579 534 plane

211 544 403 602 aliena3
441 551 501 590 ut
528 544 705 591 scilicet
742 551 869 591 totas
908 552 1076 606 gentes
1096 552 1327 608 totasque
1357 549 1579 611 regiones

211 621 364 667 armis
393 620 480 667 fibi
506 620 822 669 subiicerent..
842 662 844 664 .
861 619 1032 667 Huius
1062 622 1579 686 quidemsfdiverfitatie

212 699 341 744 ratio
373 713 476 744 non
499 697 645 760 longe
678 698 961 759 quaerenda
983 699 1196 757 videtur.
1264 699 1394 762 Ipse.
1412 701 1583 748 Phoe.-

213 777 349 823 nice·s
389 774 509 822 fitus
546 775 681 822 inter
709 776 925 838 populos
954 771 1263 838 potenti'ores
1290 777 1579 840 impedstst,

214 852 484 915 quominus
539 852 656 899 huic
704 853 787 898 -rei
827 857 1027 915 operam
1075 862 1317 903 navarent
1358 854 1582 902 Phoeni-

213 946 309 978 ces,
380 930 482 976 Hic
520 938 688 976 autem
733 930 850 976 fitus
891 932 982 978 nifi
1020 931 1310 992 obstitisset,
1360 932 1582 979 Phoeni-

212 1022 292 1054 ces
338 1022 496 1068 aeque
541 1023 598 1052 ac
643 1022 814 1053 omnes
858 1008 1169 1070 respublicae
1219 1007 1402 1055 liberae
1421 1042 1436 1068 ,
1481 1016 1583 1055 tam

213 1085 413 1147 antiqui
430 1119 445 1146 ‚
469 1100 614 1146 quam
634 1085 922 1131 recentioris
937 1087 1045 1134 aevi
1055 1120 1077 1146 .,
1103 1085 1244 1148 regni
1263 1085 1448 1132 limites
1474 1084 1586 1132 bel-

208 1163 271 1208 lis
305 1177 585 1229 propagare
618 1161 941 1222 studuissent3
980 1162 1222 1226 Carthago
1258 1163 1454 1225 quidem
1474 1196 1490 1223 ,
1525 1168 1585 1227 ut

211 1239 491 1298 Phoenice,
531 1239 592 1285 ad
616 1254 752 1285 mare
790 1239 879 1296 fita
922 1247 1057 1299 erat,
1102 1247 1317 1286 attamen
1347 1256 1410 1286 ex
1441 1238 1586 1286 Afti·

211 1331 268 1362 ca
312 1322 387 1361 tot
434 1315 613 1360 milites
641 1315 867 1379 mercede
897 1314 986 1360 fibi
1012 1315 1304 1362 ,conducere
1341 1321 1547 1377 ,poterat
1565 1349 1581 1375 ,

211 1398 337 1454 quot
388 1392 449 1437 ad
508 1391 707 1438 bellicas
756 1391 1112 1453 expeditiones-
1152 1392 1302 1438 etiam
1342 1393 1583 1439 maximas

211 1468 301 1516 fibi
312 1469 447 1522 resset
476 1483 620 1529 opus·
657 1466 932 1535 Accedebat
946 1502 970 1528 ,.
998 1468 1285 1530 quodnon,
1312 1470 1387 1515 uti
1416 1470 1585 1516 Phoe-

209 1547 354 1607 nice,
397 1546 589 1607 magnis
625 1544 789 1607 regnis
825 1551 875 1591 et
903 1544 1161 1606 imperiis,
1206 1547 1285 1592 sed
1328 1562 1360 1592 a
1404 1561 1585 1593 noma-

211 1622 357 1671 dibus
418 1612 600 1684 parum
661 1621 809 1668 cultis
873 1628 924 1668 et
979 1621 1169 1679 civitati
1222 1622 1585 1683 potentissimae

208 1701 355 1748 facile
392 1699 716 1752 servientibus
759 1700 883 1746 esset
925 1700 1100 1746 cincta.
1173 1698 1307 1746 Hinc
1334 1700 1475 1745 ratio*
1491 1715 1589 1764 σοι’-ς

209 1779 464 1826 loniarum
549 1777 1022 1840 provinciarumque
1092 1776 1579 1839 Carthagenienfiuxn

210 1857 330 1903 adeo
360 1863 468 1903 erat
513 1854 807 1914 constituta,
847 1862 907 1901 ut
929 1855 984 1900 in
1010 1854 1190 1916 quibus
1224 1850 1383 1901 rebus.
1413 1854 1582 1902 diver-

210 1936 288 1983 sae
339 1935 419 1982 vel
478 1933 654 1980 fimiles
699 1932 918 1993 fuerint,
980 1949 1083 1979 non
1144 1931 1288 1978 facile
1336 1932 1580 1978 distinxe-

118 2044 123 2048 -
211 2013 318 2070 ri8‚
365 2027 480 2057 cum
521 2006 771 2072 principia
816 2010 1095 2072 occupandi
1123 2010 1257 2071 apud
1285 2025 1453 2057 eosssex
1491 2026 1582 2055 co-

210 2089 358 2137 loniis
407 2089 766 2150 provenirent,
824 2088 902 2134 uti
945 2094 1080 2134 recte
1115 2094 1285 2133 monet
1324 2086 1399 2134 cl.
1427 2086 1583 2148 THee-

212 2169 386 2216 renius
421 2169 542 2230 (27).
571 2194 638 2203 —
659 2165 773 2212 Alia
799 2182 917 2216 vero
950 2164 1101 2213 huius
1129 2165 1421 2217 diverfitatis
1446 2182 1581 2227 >cau·-

211 2247 263 2294 sa
307 2247 363 2293 in
407 2262 465 2293 eo
512 2244 792 2308 quaerenda
845 2243 1072 2305 videtur,
1126 2244 1258 2307 quod
1306 2243 1580 2292 Phoenices

1490 2335 1583 2382 per

270 2573 372 2628 (27)
400 2574 525 2616 Ideffn.
555 2577 611 2617 th.
641 2576 679 2615 11
702 2603 715 2622 ‚
741 2574 845 2614 abth.
880 2585 925 2622 1,
953 2586 1041 2624 pag.
1067 2586 1115 2627 73
1147 2582 1185 2613 et
1211 2584 1277 2623 99.
