1787 3205
467 286 571 341 DEv
598 285 923 340 COLONIIS
956 282 1325 339 VETERUM.
1521 298 1580 348 ¹7

288 446 577 496 ‘Nonnullae
630 449 851 497 coloniae
889 447 1119 497 civilibus
1166 440 1549 494 dissensionibus
1565 476 1582 504 ,

222 525 384 588 iisque
434 525 709 574 subsecutae
767 526 971 573 alterius
1018 524 1246 572 factionis
1291 520 1544 570 secesfioni
1563 554 1582 581 ,

220 603 457 665 originem
498 604 787 653 debuerunt.
859 603 962 650 Illis
1001 609 1168 649 autem
1209 600 1449 663 originem
1492 598 1585 645 de-

222 678 333 728 buit
364 680 680 729 celeberrima
706 680 792 728 illa
819 680 1093 743 Carthago,
1124 694 1250 741 quae
1296 677 1401 741 ipsa
1438 676 1590 722 dein--

222 773 338 821 ceps
379 760 560 807 multas
611 761 759 807 etiam
791 759 1067 807 emittebat
1108 757 1358 817 colonias,
1403 752 1587 802 latisfi-

220 851 450 899 mamque
488 836 745 882 exercebat
785 835 1160 897 navigationem.
1230 833 1415 879 Eadem
1454 823 1586 878 ruti-

219 927 316 959 one
363 913 481 959 alias
528 912 747 959 colonias
795 909 1056 974 Leptidem
1112 908 1382 957 condidisse
1429 908 1582 957 tradit

216 987 479 1049 Sallustius
509 989 633 1050 (51).

290 1064 599 1112 Peculiarem
616 1065 829 1128 denique
844 1064 1033 1113 causam
1049 1101 1064 1126 ,
1094 1064 1157 1112 ob
1175 1080 1321 1127 quam
1343 1076 1587 1109 nonnun-

220 1151 369 1204 quam
395 1141 614 1189 coloniae
627 1140 909 1190 Phoenicen
931 1142 1256 1204 reliquerint,
1284 1140 1436 1188 tradit
1448 1138 1586 1186 Cur-

1517 1216 1587 1263 ti·-

219 1423 281 1462 ius
302 1424 436 1472 tempii
467 1422 656 1462 custodes
679 1424 850 1472 reliquit.
877 1433 1105 1479 mongsic.
1134 1424 1180 1463 V.
1207 1422 1270 1474 58.
1323 1419 1482 1462 Relicta
1510 1432 1583 1470 ve·

218 1495 264 1523 ro
292 1484 444 1522 Rhodo
475 1485 579 1533 prius
613 1494 727 1533 quam
765 1486 800 1522 in
830 1484 1034 1523 Boeotiam
1062 1493 1240 1534 peteret,
1268 1485 1436 1523 colonos
1463 1481 1580 1522 etiam

217 1545 372 1594 reliquit
393 1543 429 1582 in
452 1543 568 1583 insula
589 1543 732 1583 Thera.
754 1555 910 1583 Hauon.
940 1542 1013 1585 IV.
1046 1556 1135 1596 147.
1161 1554 1200 1583 et
1224 1544 1353 1583 Thaso
1373 1542 1478 1583 Idem
1504 1543 1578 1583 VI.
1659 1577 1666 1584 .

216 1617 283 1656 47·
336 1604 569 1645 Pausiam
608 1604 659 1646 V.
684 1615 746 1655 25.
784 1605 846 1644 ed.
890 1605 1047 1644 Kuhnii.
1088 1607 1131 1645 In
1157 1607 1297 1646 eodem
1324 1606 1457 1646 itinere
1480 1606 1586 1647 Cad-

217 1679 302 1707 mus
341 1668 518 1711 colonias
559 1668 596 1705 in
634 1678 719 1704 oras
747 1668 903 1706 Africae
939 1667 1040 1707 misit
1077 1680 1239 1718 quarum
1275 1670 1444 1708 meminit
1482 1680 1583 1710 puo-

214 1739 374 1769 copms.
409 1729 455 1766 de
480 1729 578 1769 Bell.
606 1728 727 1769 Vand.
756 1729 810 1769 11.
842 1740 912 1774 10,
941 1732 1050 1769 cuius
1079 1739 1258 1780 tempore
1289 1731 1435 1770 illarum
1460 1731 1585 1771 vcsti-

214 1791 276 1841 gia
307 1790 435 1830 saltem
466 1790 698 1839 superfuisse
732 1792 936 1837 videntur,
982 1803 1072 1831 cum
1100 1792 1383 1842 inscriptionem
1413 1793 1581 1832 Phoeni.

215 1854 311 1892 ciam
339 1854 602 1890 columnarum
629 1853 666 1888 in
696 1852 829 1890 Africa
869 1851 1082 1899 Tungitana
1118 1863 1330 1891 erectarum
1370 1854 1499 1892 laudet
1536 1855 1577 1894 in

215 1916 312 1953 hanc
336 1923 516 1953 mentem:
541 1902 666 1966 ἧμεις
690 1909 820 1967 ἐσμεν
833 1903 877 1954 ὁι
890 1904 1103 1971 φύγοντες
1120 1905 1212 1954 ἄπο
1228 1905 1472 1970 προσώπου
1481 1906 1577 1967 Ἰη-

215 1993 320 2032 σονς
334 1974 414 2023 τοῦ
440 1970 603 2021 aiaconi
629 1969 728 2020 ia'oov
742 1976 887 2030 Ναυη.
936 1982 994 2021 De
1023 1982 1152 2030 iisdem
1180 1982 1354 2030 loquitur
1383 1982 1575 2023 Eusebius

211 2037 336 2090 οὗτοι
373 2043 540 2105 ἔφυγον
577 2037 667 2087 ἄπο
698 2038 938 2103 προσώπου
979 2041 1067 2087 τῶν
1106 2038 1214 2088 ἑτῶν
1246 2036 1459 2105 Ἰσραηλ,
1499 2049 1584 2101 κοιὶ.Ι

211 2105 463 2173 κατῳκὴσεν
481 2103 692 2171 Τριπόλιν
718 2107 796 2164 τῆς
814 2105 1046 2171 Αφρικὴς.
1118 2114 1195 2152 Has
1240 2125 1369 2154 autem
1419 2117 1575 2156 easdem

209 2183 325 2223 fuisse
347 2192 462 2232 atque
489 2192 576 2227 eas,
605 2192 700 2230 quas
724 2181 892 2220 Cadmus
911 2183 948 2220 in
976 2181 1150 2220 Africam
1175 2178 1300 2227 misit,
1333 2192 1383 2221 ex
1411 2193 1462 2222 eo
1490 2185 1574 2222 coi.

210 2245 364 2293 ligitur,
387 2242 497 2294 quod
520 2243 620 2281 idem
646 2242 838 2282 Eusebius
858 2242 1002 2288 docet,
1022 2242 1212 2283 Cadmum
1237 2252 1417 2294 tempore
1440 2246 1578 2285 ioniae

208 2306 362 2346 vixisse.
408 2303 644 2345 Phoenicisn
668 2304 852 2351 originem
876 2304 1089 2344 incolarum
1108 2307 1296 2354 regionis,
1316 2316 1431 2356 quam
1452 2308 1574 2347 Grae·

205 2369 245 2409 ci
266 2367 419 2406 nomine
441 2356 649 2424 Τριπόλις
674 2365 888 2412 celebrant,
908 2376 959 2406 ex
977 2368 1087 2405 trium
1108 2368 1192 2406 eius
1215 2369 1366 2408 urbium
1382 2369 1572 2419 Leptae,

211 2435 311 2477 Oeae
331 2446 370 2473 et
386 2434 579 2473 Sabratae
594 2432 838 2479 nominibus,
859 2433 1013 2482 linguae
1034 2434 1251 2472 Phoenices
1278 2436 1458 2485 probavit
1478 2447 1575 2476 mo-

209 2507 343 2537 nows
378 2495 497 2536 Mem.
531 2495 576 2534 de
598 2489 626 2534 l·
647 2494 772 2537 Acad.
809 2496 869 2535 des
903 2494 1076 2546 Inscript.
1106 2503 1145 2533 et
1173 2496 1258 2535 bell.
1291 2497 1440 2538 lettres.
1477 2507 1576 2539 tom.

207 2567 280 2607 34.
312 2569 400 2608 pag.
431 2569 500 2609 ¹72
528 2558 607 2607 seq.

258 2616 361 2671 (31)
390 2619 484 2659 Bell.
516 2619 598 2668 lug.
626 2630 662 2659 c.
692 2620 760 2670 78.
