<?xml version="1.0" encoding="UTF-8"?>
<!DOCTYPE html PUBLIC "-//W3C//DTD XHTML 1.0 Transitional//EN"
    "http://www.w3.org/TR/xhtml1/DTD/xhtml1-transitional.dtd">
<html xmlns="http://www.w3.org/1999/xhtml" xml:lang="en" lang="en">
 <head>
  <title>
</title>
<meta http-equiv="Content-Type" content="text/html;charset=utf-8" />
  <meta name='ocr-system' content='tesseract 3.04.00' />
  <meta name='ocr-capabilities' content='ocr_page ocr_carea ocr_par ocr_line ocrx_word'/>
</head>
<body>
  <div class='ocr_page' id='page_1' title='image "4737201_0169.png"; bbox 0 0 1787 3205; ppageno 0'>
   <div class='ocr_carea' id='block_1_1' title="bbox 405 174 1510 304">
    <p class='ocr_par' dir='ltr' id='par_1_1' title="bbox 405 174 1510 304">
     <span class='ocr_line' id='line_1_1' title="bbox 405 174 1510 304; baseline 0.001 -54"><span class='ocrx_word' id='word_1_1' title='bbox 405 201 505 250; x_wconf 81' lang='lat' dir='ltr'><strong>DE</strong></span> <span class='ocrx_word' id='word_1_2' title='bbox 535 174 860 265; x_wconf 60' lang='lat' dir='ltr'><strong>cot-onus</strong></span> <span class='ocrx_word' id='word_1_3' title='bbox 889 177 1257 304; x_wconf 67' lang='lat' dir='ltr'><strong>yETERuM.</strong></span> <span class='ocrx_word' id='word_1_4' title='bbox 1407 188 1510 252; x_wconf 78' lang='lat'>&#39;151</span> 
     </span>
    </p>
   </div>
   <div class='ocr_carea' id='block_1_2' title="bbox 156 356 1517 2323">
    <p class='ocr_par' dir='ltr' id='par_1_2' title="bbox 168 356 1517 427">
     <span class='ocr_line' id='line_1_2' title="bbox 168 356 1517 427; baseline 0.001 -20"><span class='ocrx_word' id='word_1_5' title='bbox 168 356 409 409; x_wconf 83' lang='lat' dir='ltr'><strong>habebant</strong></span> <span class='ocrx_word' id='word_1_6' title='bbox 436 359 683 422; x_wconf 87' lang='lat' dir='ltr'><strong>coloniae,</strong></span> <span class='ocrx_word' id='word_1_7' title='bbox 713 365 764 412; x_wconf 84' lang='lat' dir='ltr'><strong>et</strong></span> <span class='ocrx_word' id='word_1_8' title='bbox 790 359 872 409; x_wconf 87' lang='lat' dir='ltr'><strong>ius</strong></span> <span class='ocrx_word' id='word_1_9' title='bbox 895 360 1222 427; x_wconf 75' lang='lat' dir='ltr'>provinciale,</span> <span class='ocrx_word' id='word_1_10' title='bbox 1264 374 1363 423; x_wconf 89' lang='lat' dir='ltr'><strong>quo</strong></span> <span class='ocrx_word' id='word_1_11' title='bbox 1394 359 1517 408; x_wconf 83' lang='lat' dir='ltr'><strong>aliae</strong></span> 
     </span>
    </p>

    <p class='ocr_par' dir='ltr' id='par_1_3' title="bbox 156 427 1515 2323">
     <span class='ocr_line' id='line_1_3' title="bbox 163 427 1114 505; baseline 0.001 -22"><span class='ocrx_word' id='word_1_12' title='bbox 163 435 461 498; x_wconf 89' lang='lat' dir='ltr'><strong>utebantur,</strong></span> <span class='ocrx_word' id='word_1_13' title='bbox 491 434 697 494; x_wconf 87' lang='lat' dir='ltr'><strong>fuerunt</strong></span> <span class='ocrx_word' id='word_1_14' title='bbox 726 436 966 505; x_wconf 75' lang='lat' dir='ltr'><strong>oppofita.</strong></span> <span class='ocrx_word' id='word_1_15' title='bbox 1078 428 1081 432; x_wconf 18' lang='grc' dir='ltr'><em>Α</em></span> <span class='ocrx_word' id='word_1_16' title='bbox 1113 427 1114 430; x_wconf 25' lang='lat'>¹</span> 
     </span>
     <span class='ocr_line' id='line_1_4' title="bbox 230 512 1511 578; baseline 0.001 -17"><span class='ocrx_word' id='word_1_17' title='bbox 230 513 407 561; x_wconf 85' lang='lat' dir='ltr'><strong>Coloni</strong></span> <span class='ocrx_word' id='word_1_18' title='bbox 442 514 625 577; x_wconf 83' lang='lat' dir='ltr'><strong>igitur,</strong></span> <span class='ocrx_word' id='word_1_19' title='bbox 669 515 755 578; x_wconf 92' lang='lat' dir='ltr'><strong>qui</strong></span> <span class='ocrx_word' id='word_1_20' title='bbox 791 530 822 574; x_wconf 89' lang='lat' dir='ltr'><strong>a</strong></span> <span class='ocrx_word' id='word_1_21' title='bbox 852 514 1090 571; x_wconf 79' lang='lat' dir='ltr'><strong>Romanis</strong></span> <span class='ocrx_word' id='word_1_22' title='bbox 1114 512 1480 569; x_wconf 81' lang='lat' dir='ltr'><strong>deducebantur</strong></span> <span class='ocrx_word' id='word_1_23' title='bbox 1494 549 1511 576; x_wconf 88' lang='lat'>‚</span> 
     </span>
     <span class='ocr_line' id='line_1_5' title="bbox 163 590 1515 655; baseline 0.001 -19"><span class='ocrx_word' id='word_1_24' title='bbox 163 591 448 646; x_wconf 26' lang='lat' dir='ltr'><strong>nonsseodem</strong></span> <span class='ocrx_word' id='word_1_25' title='bbox 473 592 607 655; x_wconf 88' lang='lat' dir='ltr'><strong>iure,</strong></span> <span class='ocrx_word' id='word_1_26' title='bbox 623 608 730 655; x_wconf 87' lang='lat' dir='ltr'><strong>quo·</strong></span> <span class='ocrx_word' id='word_1_27' title='bbox 744 598 887 639; x_wconf 68' lang='lat' dir='ltr'><strong>antea</strong></span> <span class='ocrx_word' id='word_1_28' title='bbox 909 598 1077 652; x_wconf 86' lang='lat' dir='ltr'><strong>erant,</strong></span> <span class='ocrx_word' id='word_1_29' title='bbox 1099 590 1413 651; x_wconf 85' lang='lat' dir='ltr'><strong>manserunt,</strong></span> <span class='ocrx_word' id='word_1_30' title='bbox 1437 592 1515 638; x_wconf 81' lang='lat' dir='ltr'><strong>sed</strong></span> 
     </span>
     <span class='ocr_line' id='line_1_6' title="bbox 163 666 1513 732; baseline -0.001 -18"><span class='ocrx_word' id='word_1_31' title='bbox 163 683 336 715; x_wconf 86' lang='lat' dir='ltr'><strong>eorum</strong></span> <span class='ocrx_word' id='word_1_32' title='bbox 377 669 523 717; x_wconf 84' lang='lat' dir='ltr'><strong>etiam</strong></span> <span class='ocrx_word' id='word_1_33' title='bbox 537 703 554 731; x_wconf 90' lang='lat'><strong>,</strong></span> <span class='ocrx_word' id='word_1_34' title='bbox 600 669 687 732; x_wconf 88' lang='lat' dir='ltr'><strong>qui</strong></span> <span class='ocrx_word' id='word_1_35' title='bbox 728 668 1029 719; x_wconf 79' lang='lat' dir='ltr'><strong>felicioribus</strong></span> <span class='ocrx_word' id='word_1_36' title='bbox 1072 666 1513 730; x_wconf 85' lang='lat' dir='ltr'><strong>proficiscebantur</strong></span> 
     </span>
     <span class='ocr_line' id='line_1_7' title="bbox 161 735 1511 808; baseline 0 -17"><span class='ocrx_word' id='word_1_37' title='bbox 161 735 556 807; x_wconf 83' lang='lat' dir='ltr'><strong>conditionibus,</strong></span> <span class='ocrx_word' id='word_1_38' title='bbox 586 747 811 808; x_wconf 80' lang='lat' dir='ltr'><strong>quamvis</strong></span> <span class='ocrx_word' id='word_1_39' title='bbox 838 745 989 795; x_wconf 74' lang='lat' dir='ltr'><strong>verbo</strong></span> <span class='ocrx_word' id='word_1_40' title='bbox 1022 745 1218 807; x_wconf 89' lang='lat' dir='ltr'><strong>quidem</strong></span> <span class='ocrx_word' id='word_1_41' title='bbox 1262 751 1312 792; x_wconf 89' lang='lat' dir='ltr'><strong>et</strong></span> <span class='ocrx_word' id='word_1_42' title='bbox 1349 745 1511 791; x_wconf 81' lang='lat' dir='ltr'><strong>nomi·</strong></span> 
     </span>
     <span class='ocr_line' id='line_1_8' title="bbox 160 821 1514 884; baseline 0.001 -16"><span class='ocrx_word' id='word_1_43' title='bbox 160 836 224 869; x_wconf 88' lang='lat' dir='ltr'><strong>ne</strong></span> <span class='ocrx_word' id='word_1_44' title='bbox 238 823 315 870; x_wconf 89' lang='lat' dir='ltr'><strong>ius</strong></span> <span class='ocrx_word' id='word_1_45' title='bbox 331 823 547 872; x_wconf 76' lang='lat' dir='ltr'><strong>civitatis</strong></span> <span class='ocrx_word' id='word_1_46' title='bbox 556 824 871 872; x_wconf 88' lang='lat' dir='ltr'><strong>retinuerunt</strong></span> <span class='ocrx_word' id='word_1_47' title='bbox 884 857 900 884; x_wconf 89' lang='lat'>‚</span> <span class='ocrx_word' id='word_1_48' title='bbox 925 837 981 869; x_wconf 92' lang='lat' dir='ltr'><strong>re</strong></span> <span class='ocrx_word' id='word_1_49' title='bbox 1003 829 1168 869; x_wconf 87' lang='lat' dir='ltr'><strong>tamen</strong></span> <span class='ocrx_word' id='word_1_50' title='bbox 1194 821 1318 868; x_wconf 90' lang='lat' dir='ltr'><strong>illud</strong></span> <span class='ocrx_word' id='word_1_51' title='bbox 1337 821 1514 869; x_wconf 80' lang='lat' dir='ltr'><strong>amise-</strong></span> 
     </span>
     <span class='ocr_line' id='line_1_9' title="bbox 159 892 1514 961; baseline -0.004 -11"><span class='ocrx_word' id='word_1_52' title='bbox 159 906 307 956; x_wconf 64' lang='grc' dir='ltr'><strong>ταιῆς</strong></span> <span class='ocrx_word' id='word_1_53' title='bbox 329 914 443 945; x_wconf 84' lang='lat' dir='ltr'><strong>cum</strong></span> <span class='ocrx_word' id='word_1_54' title='bbox 464 899 552 948; x_wconf 80' lang='lat' dir='ltr'><strong>alii</strong></span> <span class='ocrx_word' id='word_1_55' title='bbox 573 899 658 945; x_wconf 87' lang='lat' dir='ltr'><strong>illo</strong></span> <span class='ocrx_word' id='word_1_56' title='bbox 686 899 833 960; x_wconf 90' lang='lat' dir='ltr'><strong>plane</strong></span> <span class='ocrx_word' id='word_1_57' title='bbox 863 892 1196 961; x_wconf 74' lang='lat' dir='ltr'><strong>privarentur.</strong></span> <span class='ocrx_word' id='word_1_58' title='bbox 1253 896 1398 947; x_wconf 88' lang='lat' dir='ltr'><strong>Unde</strong></span> <span class='ocrx_word' id='word_1_59' title='bbox 1419 896 1514 958; x_wconf 58' lang='lat' dir='ltr'><strong>pass-</strong></span> 
     </span>
     <span class='ocr_line' id='line_1_10' title="bbox 160 973 1514 1038; baseline 0.002 -18"><span class='ocrx_word' id='word_1_60' title='bbox 160 980 258 1034; x_wconf 88' lang='lat' dir='ltr'><strong>tet,</strong></span> <span class='ocrx_word' id='word_1_61' title='bbox 290 978 599 1038; x_wconf 85' lang='lat' dir='ltr'><strong>quantopere</strong></span> <span class='ocrx_word' id='word_1_62' title='bbox 619 973 829 1028; x_wconf 83' lang='lat' dir='ltr'><strong>Romani</strong></span> <span class='ocrx_word' id='word_1_63' title='bbox 843 996 875 1034; x_wconf 86' lang='lat'><strong>,·</strong></span> <span class='ocrx_word' id='word_1_64' title='bbox 888 989 920 1022; x_wconf 79' lang='lat' dir='ltr'><strong>a</strong></span> <span class='ocrx_word' id='word_1_65' title='bbox 949 974 1132 1036; x_wconf 87' lang='lat' dir='ltr'><strong>regulis</strong></span> <span class='ocrx_word' id='word_1_66' title='bbox 1158 973 1514 1023; x_wconf 85' lang='lat' dir='ltr'><strong>universalibus</strong></span> 
     </span>
     <span class='ocr_line' id='line_1_11' title="bbox 158 1050 1515 1111; baseline 0.001 -16"><span class='ocrx_word' id='word_1_67' title='bbox 158 1051 420 1111; x_wconf 79' lang='lat' dir='ltr'><strong>aequitatis</strong></span> <span class='ocrx_word' id='word_1_68' title='bbox 455 1058 506 1103; x_wconf 86' lang='lat' dir='ltr'><strong>et</strong></span> <span class='ocrx_word' id='word_1_69' title='bbox 540 1050 751 1097; x_wconf 84' lang='lat' dir='ltr'><strong>iustitiae</strong></span> <span class='ocrx_word' id='word_1_70' title='bbox 787 1051 842 1096; x_wconf 93' lang='lat' dir='ltr'><strong>in</strong></span> <span class='ocrx_word' id='word_1_71' title='bbox 870 1051 1076 1098; x_wconf 87' lang='lat' dir='ltr'><strong>coloniis</strong></span> <span class='ocrx_word' id='word_1_72' title='bbox 1104 1050 1401 1097; x_wconf 81' lang='lat' dir='ltr'><strong>deducendis</strong></span> <span class='ocrx_word' id='word_1_73' title='bbox 1430 1066 1515 1097; x_wconf 83' lang='lat' dir='ltr'><strong>re-</strong></span> 
     </span>
     <span class='ocr_line' id='line_1_12' title="bbox 163 1126 1512 1190; baseline 0.001 -17"><span class='ocrx_word' id='word_1_74' title='bbox 163 1126 418 1188; x_wconf 87' lang='lat' dir='ltr'><strong>cesserint,</strong></span> <span class='ocrx_word' id='word_1_75' title='bbox 469 1143 595 1189; x_wconf 86' lang='lat' dir='ltr'><strong>quae</strong></span> <span class='ocrx_word' id='word_1_76' title='bbox 632 1127 841 1188; x_wconf 90' lang='lat' dir='ltr'><strong>docent,</strong></span> <span class='ocrx_word' id='word_1_77' title='bbox 886 1143 999 1188; x_wconf 85' lang='lat' dir='ltr'><strong>eos,</strong></span> <span class='ocrx_word' id='word_1_78' title='bbox 1046 1128 1134 1190; x_wconf 90' lang='lat' dir='ltr'><strong>qui</strong></span> <span class='ocrx_word' id='word_1_79' title='bbox 1175 1127 1477 1189; x_wconf 87' lang='lat' dir='ltr'><strong>metropolin</strong></span> <span class='ocrx_word' id='word_1_80' title='bbox 1495 1161 1512 1188; x_wconf 88' lang='lat'>‚</span> 
     </span>
     <span class='ocr_line' id='line_1_13' title="bbox 158 1202 1510 1266; baseline 0.001 -17"><span class='ocrx_word' id='word_1_81' title='bbox 158 1218 261 1249; x_wconf 86' lang='lat' dir='ltr'><strong>non</strong></span> <span class='ocrx_word' id='word_1_82' title='bbox 314 1202 470 1251; x_wconf 83' lang='lat' dir='ltr'><strong>invita</strong></span> <span class='ocrx_word' id='word_1_83' title='bbox 513 1203 739 1266; x_wconf 78' lang='lat' dir='ltr'><strong>civitate,</strong></span> <span class='ocrx_word' id='word_1_84' title='bbox 779 1203 930 1252; x_wconf 84' lang='lat' dir='ltr'><strong>immo</strong></span> <span class='ocrx_word' id='word_1_85' title='bbox 968 1202 1057 1249; x_wconf 87' lang='lat' dir='ltr'><strong>sub</strong></span> <span class='ocrx_word' id='word_1_86' title='bbox 1102 1204 1208 1250; x_wconf 86' lang='lat' dir='ltr'><strong>eius</strong></span> <span class='ocrx_word' id='word_1_87' title='bbox 1243 1202 1477 1264; x_wconf 82' lang='lat' dir='ltr'><strong>auspiciis</strong></span> <span class='ocrx_word' id='word_1_88' title='bbox 1493 1237 1510 1263; x_wconf 90' lang='lat'><strong>,</strong></span> 
     </span>
     <span class='ocr_line' id='line_1_14' title="bbox 161 1274 1513 1340; baseline 0 -14"><span class='ocrx_word' id='word_1_89' title='bbox 161 1293 324 1340; x_wconf 82' lang='lat' dir='ltr'><strong>neque</strong></span> <span class='ocrx_word' id='word_1_90' title='bbox 344 1278 446 1338; x_wconf 25' lang='lat' dir='ltr'><strong>*suo</strong></span> <span class='ocrx_word' id='word_1_91' title='bbox 482 1284 675 1325; x_wconf 91' lang='lat' dir='ltr'><strong>tantum</strong></span> <span class='ocrx_word' id='word_1_92' title='bbox 690 1312 707 1339; x_wconf 92' lang='lat'>‚</span> <span class='ocrx_word' id='word_1_93' title='bbox 738 1278 817 1326; x_wconf 87' lang='lat' dir='ltr'><strong>sed</strong></span> <span class='ocrx_word' id='word_1_94' title='bbox 848 1274 898 1325; x_wconf 82' lang='lat' dir='ltr'><strong>et</strong></span> <span class='ocrx_word' id='word_1_95' title='bbox 927 1279 1077 1326; x_wconf 84' lang='lat' dir='ltr'><strong>totius</strong></span> <span class='ocrx_word' id='word_1_96' title='bbox 1115 1280 1325 1328; x_wconf 86' lang='lat' dir='ltr'><strong>civitatis</strong></span> <span class='ocrx_word' id='word_1_97' title='bbox 1372 1296 1513 1328; x_wconf 90' lang='lat' dir='ltr'><strong>com-</strong></span> 
     </span>
     <span class='ocr_line' id='line_1_15' title="bbox 157 1353 1512 1416; baseline 0.003 -16"><span class='ocrx_word' id='word_1_98' title='bbox 157 1354 334 1413; x_wconf 85' lang='lat' dir='ltr'><strong>modo,</strong></span> <span class='ocrx_word' id='word_1_99' title='bbox 395 1353 706 1416; x_wconf 80' lang='lat' dir='ltr'><strong>relinquant,</strong></span> <span class='ocrx_word' id='word_1_100' title='bbox 757 1355 975 1401; x_wconf 84' lang='lat' dir='ltr'><strong>eiusdem</strong></span> <span class='ocrx_word' id='word_1_101' title='bbox 1028 1355 1228 1403; x_wconf 86' lang='lat' dir='ltr'><strong>manere</strong></span> <span class='ocrx_word' id='word_1_102' title='bbox 1274 1356 1403 1403; x_wconf 84' lang='lat' dir='ltr'><strong>iuris</strong></span> <span class='ocrx_word' id='word_1_103' title='bbox 1461 1365 1512 1404; x_wconf 92' lang='lat' dir='ltr'><strong>et</strong></span> 
     </span>
     <span class='ocr_line' id='line_1_16' title="bbox 160 1430 1507 1493; baseline 0.002 -15"><span class='ocrx_word' id='word_1_104' title='bbox 160 1431 455 1478; x_wconf 88' lang='lat' dir='ltr'><strong>conditionis</strong></span> <span class='ocrx_word' id='word_1_105' title='bbox 481 1438 628 1493; x_wconf 86' lang='lat' dir='ltr'><strong>atque</strong></span> <span class='ocrx_word' id='word_1_106' title='bbox 654 1430 722 1491; x_wconf 86' lang='lat' dir='ltr'><strong>ii,</strong></span> <span class='ocrx_word' id='word_1_107' title='bbox 768 1431 856 1493; x_wconf 89' lang='lat' dir='ltr'><strong>qui</strong></span> <span class='ocrx_word' id='word_1_108' title='bbox 880 1432 937 1484; x_wconf 81' lang='lat' dir='ltr'><strong>in</strong></span> <span class='ocrx_word' id='word_1_109' title='bbox 964 1433 1228 1493; x_wconf 83' lang='lat' dir='ltr'><strong>metropoli</strong></span> <span class='ocrx_word' id='word_1_110' title='bbox 1245 1440 1507 1482; x_wconf 78' lang='lat' dir='ltr'><strong>maneant.</strong></span> 
     </span>
     <span class='ocr_line' id='line_1_17' title="bbox 227 1507 1510 1569; baseline 0.002 -16"><span class='ocrx_word' id='word_1_111' title='bbox 227 1507 459 1554; x_wconf 80' lang='lat' dir='ltr'><strong>Coloniae</strong></span> <span class='ocrx_word' id='word_1_112' title='bbox 503 1507 754 1554; x_wconf 85' lang='lat' dir='ltr'><strong>Romanae</strong></span> <span class='ocrx_word' id='word_1_113' title='bbox 794 1508 905 1555; x_wconf 81' lang='lat' dir='ltr'><strong>suas</strong></span> <span class='ocrx_word' id='word_1_114' title='bbox 948 1523 1179 1569; x_wconf 72' lang='lat' dir='ltr'><strong>quaeque</strong></span> <span class='ocrx_word' id='word_1_115' title='bbox 1218 1508 1510 1558; x_wconf 80' lang='lat' dir='ltr'><strong>‘habuerunt</strong></span> 
     </span>
     <span class='ocr_line' id='line_1_18' title="bbox 157 1583 1512 1647; baseline 0.001 -17"><span class='ocrx_word' id='word_1_116' title='bbox 157 1584 286 1646; x_wconf 84' lang='lat' dir='ltr'><strong>leges</strong></span> <span class='ocrx_word' id='word_1_117' title='bbox 306 1617 322 1644; x_wconf 93' lang='lat'><strong>,</strong></span> <span class='ocrx_word' id='word_1_118' title='bbox 363 1598 542 1645; x_wconf 88' lang='lat' dir='ltr'><strong>easque</strong></span> <span class='ocrx_word' id='word_1_119' title='bbox 577 1584 680 1630; x_wconf 88' lang='lat' dir='ltr'><strong>fere</strong></span> <span class='ocrx_word' id='word_1_120' title='bbox 718 1584 931 1632; x_wconf 84' lang='lat' dir='ltr'><strong>diversas</strong></span> <span class='ocrx_word' id='word_1_121' title='bbox 967 1583 1029 1629; x_wconf 83' lang='lat' dir='ltr'><strong>ab</strong></span> <span class='ocrx_word' id='word_1_122' title='bbox 1068 1584 1130 1629; x_wconf 84' lang='lat' dir='ltr'><strong>iis</strong></span> <span class='ocrx_word' id='word_1_123' title='bbox 1144 1616 1160 1644; x_wconf 94' lang='lat'><strong>,</strong></span> <span class='ocrx_word' id='word_1_124' title='bbox 1197 1583 1382 1646; x_wconf 87' lang='lat' dir='ltr'><strong>quibus</strong></span> <span class='ocrx_word' id='word_1_125' title='bbox 1410 1586 1512 1647; x_wconf 81' lang='lat' dir='ltr'><strong>ipsa</strong></span> 
     </span>
     <span class='ocr_line' id='line_1_19' title="bbox 162 1658 1511 1722; baseline -0.002 -13"><span class='ocrx_word' id='word_1_126' title='bbox 162 1660 448 1722; x_wconf 83' lang='lat' dir='ltr'><strong>metropolis</strong></span> <span class='ocrx_word' id='word_1_127' title='bbox 510 1658 773 1712; x_wconf 83' lang='lat' dir='ltr'><strong>utebatur:</strong></span> <span class='ocrx_word' id='word_1_128' title='bbox 838 1676 962 1721; x_wconf 77' lang='lat' dir='ltr'><strong>quas</strong></span> <span class='ocrx_word' id='word_1_129' title='bbox 1020 1666 1184 1706; x_wconf 81' lang='lat' dir='ltr'><strong>tamen</strong></span> <span class='ocrx_word' id='word_1_130' title='bbox 1237 1659 1324 1706; x_wconf 84' lang='lat' dir='ltr'><strong>fibi</strong></span> <span class='ocrx_word' id='word_1_131' title='bbox 1377 1661 1511 1722; x_wconf 83' lang='lat' dir='ltr'><strong>ipsae</strong></span> 
     </span>
     <span class='ocr_line' id='line_1_20' title="bbox 158 1734 1506 1799; baseline 0.001 -14"><span class='ocrx_word' id='word_1_132' title='bbox 158 1754 261 1785; x_wconf 94' lang='lat' dir='ltr'><strong>non</strong></span> <span class='ocrx_word' id='word_1_133' title='bbox 306 1734 605 1795; x_wconf 85' lang='lat' dir='ltr'><strong>scribebant,</strong></span> <span class='ocrx_word' id='word_1_134' title='bbox 651 1736 731 1782; x_wconf 87' lang='lat' dir='ltr'><strong>sed</strong></span> <span class='ocrx_word' id='word_1_135' title='bbox 754 1735 831 1782; x_wconf 63' lang='lat' dir='ltr'><strong>⁴ab</strong></span> <span class='ocrx_word' id='word_1_136' title='bbox 868 1736 1102 1783; x_wconf 83' lang='lat' dir='ltr'><strong>Romanis</strong></span> <span class='ocrx_word' id='word_1_137' title='bbox 1148 1736 1506 1799; x_wconf 84' lang='lat' dir='ltr'><strong>acciepiebant:</strong></span> 
     </span>
     <span class='ocr_line' id='line_1_21' title="bbox 161 1802 1505 1877; baseline 0 -15"><span class='ocrx_word' id='word_1_138' title='bbox 161 1831 262 1877; x_wconf 92' lang='lat' dir='ltr'><strong>quo</strong></span> <span class='ocrx_word' id='word_1_139' title='bbox 325 1815 576 1876; x_wconf 89' lang='lat' dir='ltr'><strong>pertinent</strong></span> <span class='ocrx_word' id='word_1_140' title='bbox 639 1802 809 1859; x_wconf 77' lang='lat' dir='ltr'><strong>Gellii</strong></span> <span class='ocrx_word' id='word_1_141' title='bbox 843 1812 994 1860; x_wconf 82' lang='lat' dir='ltr'><strong>verba</strong></span> <span class='ocrx_word' id='word_1_142' title='bbox 1053 1813 1203 1872; x_wconf 82' lang='lat' dir='ltr'><strong>supra</strong></span> <span class='ocrx_word' id='word_1_143' title='bbox 1260 1814 1505 1875; x_wconf 79' lang='lat' dir='ltr'><strong>exposita:</strong></span> 
     </span>
     <span class='ocr_line' id='line_1_22' title="bbox 156 1883 1510 1955; baseline -0.001 -15"><span class='ocrx_word' id='word_1_144' title='bbox 156 1883 281 1940; x_wconf 74' lang='lat' dir='ltr'><strong>iura</strong></span> <span class='ocrx_word' id='word_1_145' title='bbox 343 1891 670 1955; x_wconf 80' lang='lat' dir='ltr'><strong>institutaque</strong></span> <span class='ocrx_word' id='word_1_146' title='bbox 720 1890 908 1952; x_wconf 79' lang='lat' dir='ltr'><strong>populi</strong></span> <span class='ocrx_word' id='word_1_147' title='bbox 965 1889 1218 1951; x_wconf 80' lang='lat' dir='ltr'><strong>Romani,</strong></span> <span class='ocrx_word' id='word_1_148' title='bbox 1274 1907 1375 1938; x_wconf 85' lang='lat' dir='ltr'><strong>non</strong></span> <span class='ocrx_word' id='word_1_149' title='bbox 1410 1894 1510 1955; x_wconf 80' lang='lat' dir='ltr'><strong>sui</strong></span> 
     </span>
     <span class='ocr_line' id='line_1_23' title="bbox 158 1965 1509 2032; baseline 0 -16"><span class='ocrx_word' id='word_1_150' title='bbox 158 1969 372 2016; x_wconf 82' lang='lat' dir='ltr'><strong>arbitrii</strong></span> <span class='ocrx_word' id='word_1_151' title='bbox 414 1967 619 2017; x_wconf 76' lang='lat' dir='ltr'><strong>habent.</strong></span> <span class='ocrx_word' id='word_1_152' title='bbox 702 1965 1000 2017; x_wconf 68' lang='lat' dir='ltr'><strong>&#39;triumviris</strong></span> <span class='ocrx_word' id='word_1_153' title='bbox 1048 1974 1212 2014; x_wconf 86' lang='lat' dir='ltr'><strong>autem</strong></span> <span class='ocrx_word' id='word_1_154' title='bbox 1230 2001 1245 2027; x_wconf 92' lang='lat'>‚</span> <span class='ocrx_word' id='word_1_155' title='bbox 1286 1968 1384 2017; x_wconf 84' lang='lat' dir='ltr'><strong>five</strong></span> <span class='ocrx_word' id='word_1_156' title='bbox 1420 1986 1509 2032; x_wconf 83' lang='lat' dir='ltr'><strong>ge-</strong></span> 
     </span>
     <span class='ocr_line' id='line_1_24' title="bbox 157 2041 1509 2105; baseline 0 -12"><span class='ocrx_word' id='word_1_157' title='bbox 157 2046 368 2093; x_wconf 84' lang='lat' dir='ltr'><strong>neratim</strong></span> <span class='ocrx_word' id='word_1_158' title='bbox 420 2041 729 2091; x_wconf 89' lang='lat' dir='ltr'><strong>curatoribus</strong></span> <span class='ocrx_word' id='word_1_159' title='bbox 746 2077 761 2103; x_wconf 90' lang='lat'>‚</span> <span class='ocrx_word' id='word_1_160' title='bbox 816 2044 1064 2105; x_wconf 88' lang='lat' dir='ltr'><strong>negotium</strong></span> <span class='ocrx_word' id='word_1_161' title='bbox 1116 2044 1325 2091; x_wconf 83' lang='lat' dir='ltr'><strong>dabatur</strong></span> <span class='ocrx_word' id='word_1_162' title='bbox 1367 2047 1509 2093; x_wconf 93' lang='lat' dir='ltr'><strong>colo-</strong></span> 
     </span>
     <span class='ocr_line' id='line_1_25' title="bbox 158 2120 1507 2185; baseline 0 -15"><span class='ocrx_word' id='word_1_163' title='bbox 158 2123 356 2170; x_wconf 81' lang='lat' dir='ltr'><strong>niarum</strong></span> <span class='ocrx_word' id='word_1_164' title='bbox 426 2121 610 2185; x_wconf 88' lang='lat' dir='ltr'><strong>legibus</strong></span> <span class='ocrx_word' id='word_1_165' title='bbox 672 2120 1095 2169; x_wconf 85' lang='lat' dir='ltr'><strong>instruendarum:</strong></span> <span class='ocrx_word' id='word_1_166' title='bbox 1191 2122 1312 2168; x_wconf 86' lang='lat' dir='ltr'><strong>»Ut</strong></span> <span class='ocrx_word' id='word_1_167' title='bbox 1373 2124 1507 2170; x_wconf 87' lang='lat' dir='ltr'><strong>enim</strong></span> 
     </span>
     <span class='ocr_line' id='line_1_26' title="bbox 158 2198 1509 2262; baseline 0.001 -17"><span class='ocrx_word' id='word_1_168' title='bbox 158 2199 350 2262; x_wconf 85' lang='lat' dir='ltr'><strong>»legati</strong></span> <span class='ocrx_word' id='word_1_169' title='bbox 383 2199 520 2262; x_wconf 78' lang='lat'>(576)</span> <span class='ocrx_word' id='word_1_170' title='bbox 566 2215 596 2244; x_wconf 82' lang='lat' dir='ltr'><strong>a</strong></span> <span class='ocrx_word' id='word_1_171' title='bbox 644 2198 812 2246; x_wconf 83' lang='lat' dir='ltr'><strong>senatu</strong></span> <span class='ocrx_word' id='word_1_172' title='bbox 864 2198 1046 2246; x_wconf 90' lang='lat' dir='ltr'><strong>decreti</strong></span> <span class='ocrx_word' id='word_1_173' title='bbox 1101 2200 1382 2262; x_wconf 82' lang='lat' dir='ltr'><strong>provincias</strong></span> <span class='ocrx_word' id='word_1_174' title='bbox 1417 2217 1509 2247; x_wconf 84' lang='lat' dir='ltr'><strong>or-</strong></span> 
     </span>
     <span class='ocr_line' id='line_1_27' title="bbox 1376 2277 1504 2323; baseline 0 -1"><span class='ocrx_word' id='word_1_175' title='bbox 1376 2292 1402 2322; x_wconf 84' lang='lat'>»</span> <span class='ocrx_word' id='word_1_176' title='bbox 1428 2277 1504 2323; x_wconf 85' lang='lat' dir='ltr'><strong>di-</strong></span> 
     </span>
    </p>
   </div>
   <div class='ocr_carea' id='block_1_3' title="bbox 209 2512 1023 2637">
    <p class='ocr_par' dir='ltr' id='par_1_4' title="bbox 209 2512 1023 2637">
     <span class='ocr_line' id='line_1_28' title="bbox 209 2512 1023 2637; baseline -0.002 -65"><span class='ocrx_word' id='word_1_177' title='bbox 209 2512 335 2585; x_wconf 22' lang='lat'><em>(37161)</em></span> <span class='ocrx_word' id='word_1_178' title='bbox 367 2531 462 2570; x_wconf 88' lang='lat' dir='ltr'><strong>Sunt</strong></span> <span class='ocrx_word' id='word_1_179' title='bbox 484 2530 599 2571; x_wconf 84' lang='lat' dir='ltr'><strong>verba</strong></span> <span class='ocrx_word' id='word_1_180' title='bbox 626 2530 839 2636; x_wconf 49' lang='grc' dir='ltr'>ειῦοΝιιΙίἰ.</span> <span class='ocrx_word' id='word_1_181' title='bbox 863 2529 1023 2637; x_wconf 47' lang='lat'><strong>2114,</strong></span> 
     </span>
    </p>
   </div>
   <div class='ocr_carea' id='block_1_4' title="bbox 0 3126 1164 3205">
    <p class='ocr_par' dir='ltr' id='par_1_5' title="bbox 0 3126 1164 3205">
     <span class='ocr_line' id='line_1_29' title="bbox 0 3126 1164 3205; baseline 0 0"><span class='ocrx_word' id='word_1_182' title='bbox 0 3126 1164 3205; x_wconf 95' lang='lat' dir='ltr'><strong> </strong></span> 
     </span>
    </p>
   </div>
  </div>
 </body>
</html>
