<?xml version="1.0" encoding="UTF-8"?>
<!DOCTYPE html PUBLIC "-//W3C//DTD XHTML 1.0 Transitional//EN"
    "http://www.w3.org/TR/xhtml1/DTD/xhtml1-transitional.dtd">
<html xmlns="http://www.w3.org/1999/xhtml" xml:lang="en" lang="en">
 <head>
  <title>
</title>
<meta http-equiv="Content-Type" content="text/html;charset=utf-8" />
  <meta name='ocr-system' content='tesseract 3.04.00' />
  <meta name='ocr-capabilities' content='ocr_page ocr_carea ocr_par ocr_line ocrx_word'/>
</head>
<body>
  <div class='ocr_page' id='page_1' title='image "4737201_0081.png"; bbox 0 0 1787 3205; ppageno 0'>
   <div class='ocr_carea' id='block_1_1' title="bbox 471 257 1587 334">
    <p class='ocr_par' dir='ltr' id='par_1_1' title="bbox 471 257 1587 334">
     <span class='ocr_line' id='line_1_1' title="bbox 471 257 1587 334; baseline -0.006 -13"><span class='ocrx_word' id='word_1_1' title='bbox 471 266 565 321; x_wconf 77' lang='lat' dir='ltr'><strong>DE</strong></span> <span class='ocrx_word' id='word_1_2' title='bbox 601 257 924 334; x_wconf 75' lang='lat' dir='ltr'><strong>co&#39;LoNus</strong></span> <span class='ocrx_word' id='word_1_3' title='bbox 958 263 1320 318; x_wconf 83' lang='lat' dir='ltr'>VETERUM.</span> <span class='ocrx_word' id='word_1_4' title='bbox 1524 266 1587 314; x_wconf 78' lang='lat'><strong>65</strong></span> 
     </span>
    </p>
   </div>
   <div class='ocr_carea' id='block_1_2' title="bbox 216 425 1593 1876">
    <p class='ocr_par' dir='ltr' id='par_1_2' title="bbox 216 425 1593 1719">
     <span class='ocr_line' id='line_1_2' title="bbox 227 425 1593 493; baseline -0.007 -13"><span class='ocrx_word' id='word_1_5' title='bbox 227 430 457 493; x_wconf 79' lang='lat' dir='ltr'><strong>deinceps</strong></span> <span class='ocrx_word' id='word_1_6' title='bbox 475 444 585 476; x_wconf 42' lang='lat' dir='ltr'><strong>*una</strong></span> <span class='ocrx_word' id='word_1_7' title='bbox 609 430 822 478; x_wconf 82' lang='lat' dir='ltr'><strong>alterave</strong></span> <span class='ocrx_word' id='word_1_8' title='bbox 848 428 1042 475; x_wconf 89' lang='lat' dir='ltr'><strong>colonia</strong></span> <span class='ocrx_word' id='word_1_9' title='bbox 1068 427 1219 474; x_wconf 88' lang='lat' dir='ltr'><strong>fuerit</strong></span> <span class='ocrx_word' id='word_1_10' title='bbox 1247 427 1486 486; x_wconf 83' lang='lat' dir='ltr'><strong>deducta,</strong></span> <span class='ocrx_word' id='word_1_11' title='bbox 1515 425 1593 471; x_wconf 81' lang='lat' dir='ltr'><strong>se-</strong></span> 
     </span>
     <span class='ocr_line' id='line_1_3' title="bbox 230 500 1589 567; baseline -0.005 -12"><span class='ocrx_word' id='word_1_12' title='bbox 230 508 448 555; x_wconf 88' lang='lat' dir='ltr'><strong>cundum</strong></span> <span class='ocrx_word' id='word_1_13' title='bbox 496 506 749 554; x_wconf 86' lang='lat' dir='ltr'><strong>confilium</strong></span> <span class='ocrx_word' id='word_1_14' title='bbox 790 505 1066 567; x_wconf 62' lang='lat' dir='ltr'><strong>antiqiiitus</strong></span> <span class='ocrx_word' id='word_1_15' title='bbox 1095 504 1401 565; x_wconf 87' lang='lat' dir='ltr'><strong>usurpatum.</strong></span> <span class='ocrx_word' id='word_1_16' title='bbox 1440 500 1589 549; x_wconf 78' lang='lat' dir='ltr'><strong>&#39;An-</strong></span> 
     </span>
     <span class='ocr_line' id='line_1_4' title="bbox 228 581 1586 645; baseline -0.004 -13"><span class='ocrx_word' id='word_1_17' title='bbox 228 593 280 632; x_wconf 87' lang='lat' dir='ltr'><strong>te</strong></span> <span class='ocrx_word' id='word_1_18' title='bbox 311 585 477 630; x_wconf 76' lang='lat' dir='ltr'><strong>omnia</strong></span> <span class='ocrx_word' id='word_1_19' title='bbox 514 593 677 631; x_wconf 88' lang='lat' dir='ltr'><strong>autem</strong></span> <span class='ocrx_word' id='word_1_20' title='bbox 691 593 704 620; x_wconf 53' lang='lat'><strong>1*</strong></span> <span class='ocrx_word' id='word_1_21' title='bbox 722 597 930 643; x_wconf 88' lang='lat' dir='ltr'><strong>moneo,</strong></span> <span class='ocrx_word' id='word_1_22' title='bbox 974 581 1185 645; x_wconf 87' lang='lat' dir='ltr'><strong>fingulas</strong></span> <span class='ocrx_word' id='word_1_23' title='bbox 1220 581 1434 626; x_wconf 88' lang='lat' dir='ltr'><strong>colonias</strong></span> <span class='ocrx_word' id='word_1_24' title='bbox 1475 581 1586 628; x_wconf 84' lang='lat' dir='ltr'><strong>suas</strong></span> 
     </span>
     <span class='ocr_line' id='line_1_5' title="bbox 228 658 1588 728; baseline -0.003 -19"><span class='ocrx_word' id='word_1_25' title='bbox 228 662 445 728; x_wconf 82' lang='lat' dir='ltr'><strong>quidem·</strong></span> <span class='ocrx_word' id='word_1_26' title='bbox 467 658 690 709; x_wconf 83' lang='lat' dir='ltr'><strong>habuisse</strong></span> <span class='ocrx_word' id='word_1_27' title='bbox 726 660 926 722; x_wconf 82' lang='lat' dir='ltr'><strong>causas,</strong></span> <span class='ocrx_word' id='word_1_28' title='bbox 973 676 1066 722; x_wconf 89' lang='lat' dir='ltr'><strong>pro</strong></span> <span class='ocrx_word' id='word_1_29' title='bbox 1119 660 1227 707; x_wconf 89' lang='lat' dir='ltr'><strong>loco</strong></span> <span class='ocrx_word' id='word_1_30' title='bbox 1266 675 1324 707; x_wconf 92' lang='lat' dir='ltr'><strong>ac</strong></span> <span class='ocrx_word' id='word_1_31' title='bbox 1363 665 1588 721; x_wconf 85' lang='lat' dir='ltr'><strong>tempore</strong></span> 
     </span>
     <span class='ocr_line' id='line_1_6' title="bbox 221 737 1593 801; baseline -0.002 -16"><span class='ocrx_word' id='word_1_32' title='bbox 221 739 410 801; x_wconf 46' lang='lat' dir='ltr'><strong>*quibus</strong></span> <span class='ocrx_word' id='word_1_33' title='bbox 472 738 821 787; x_wconf 85' lang='lat' dir='ltr'><strong>emittebantur</strong></span> <span class='ocrx_word' id='word_1_34' title='bbox 840 772 856 797; x_wconf 92' lang='lat'>,</span> <span class='ocrx_word' id='word_1_35' title='bbox 912 738 1075 786; x_wconf 81' lang='lat' dir='ltr'><strong>varias</strong></span> <span class='ocrx_word' id='word_1_36' title='bbox 1091 772 1107 798; x_wconf 87' lang='lat'>,</span> <span class='ocrx_word' id='word_1_37' title='bbox 1162 737 1381 783; x_wconf 88' lang='lat' dir='ltr'><strong>Graecos</strong></span> <span class='ocrx_word' id='word_1_38' title='bbox 1425 744 1593 782; x_wconf 83' lang='lat' dir='ltr'><strong>tamen</strong></span> 
     </span>
     <span class='ocr_line' id='line_1_7' title="bbox 225 813 1587 878; baseline -0.004 -15"><span class='ocrx_word' id='word_1_39' title='bbox 225 831 396 868; x_wconf 82' lang='lat' dir='ltr'><strong>earnm</strong></span> <span class='ocrx_word' id='word_1_40' title='bbox 440 815 682 878; x_wconf 81' lang='lat' dir='ltr'>originem</span> <span class='ocrx_word' id='word_1_41' title='bbox 736 830 851 860; x_wconf 70' lang='lat' dir='ltr'><strong>non.</strong></span> <span class='ocrx_word' id='word_1_42' title='bbox 870 815 1039 859; x_wconf 82' lang='lat' dir='ltr'><strong>minus</strong></span> <span class='ocrx_word' id='word_1_43' title='bbox 1066 814 1299 874; x_wconf 88' lang='lat' dir='ltr'><strong>-reli-gioni</strong></span> <span class='ocrx_word' id='word_1_44' title='bbox 1324 829 1381 858; x_wconf 83' lang='lat' dir='ltr'><strong>ac</strong></span> <span class='ocrx_word' id='word_1_45' title='bbox 1413 813 1587 874; x_wconf 79' lang='lat' dir='ltr'><strong>pietati</strong></span> 
     </span>
     <span class='ocr_line' id='line_1_8' title="bbox 221 887 1587 953; baseline -0.002 -15"><span class='ocrx_word' id='word_1_46' title='bbox 221 907 341 953; x_wconf 74' lang='lat' dir='ltr'><strong>‘erga</strong></span> <span class='ocrx_word' id='word_1_47' title='bbox 379 891 558 950; x_wconf 53' lang='lat' dir='ltr'><strong>Deosy</strong></span> <span class='ocrx_word' id='word_1_48' title='bbox 601 897 748 950; x_wconf 81' lang='lat' dir='ltr'><strong>quam</strong></span> <span class='ocrx_word' id='word_1_49' title='bbox 802 888 1096 949; x_wconf 75' lang='lat' dir='ltr'><strong>prudentiae</strong></span> <span class='ocrx_word' id='word_1_50' title='bbox 1118 917 1121 920; x_wconf 97' lang='lat'>-</span> <span class='ocrx_word' id='word_1_51' title='bbox 1146 887 1280 934; x_wconf 84' lang='lat' dir='ltr'><strong>civili</strong></span> <span class='ocrx_word' id='word_1_52' title='bbox 1319 889 1587 949; x_wconf 70' lang='lat' dir='ltr'><strong>generatim</strong></span> 
     </span>
     <span class='ocr_line' id='line_1_9' title="bbox 224 963 1584 1025; baseline -0.001 -12"><span class='ocrx_word' id='word_1_53' title='bbox 224 963 470 1013; x_wconf 83' lang='lat' dir='ltr'><strong>tribuisse.</strong></span> <span class='ocrx_word' id='word_1_54' title='bbox 539 963 696 1011; x_wconf 83' lang='lat' dir='ltr'><strong>Plura</strong></span> <span class='ocrx_word' id='word_1_55' title='bbox 737 971 959 1012; x_wconf 84' lang='lat' dir='ltr'><strong>veterum</strong></span> <span class='ocrx_word' id='word_1_56' title='bbox 1002 963 1146 1013; x_wconf 84' lang='lat' dir='ltr'><strong>effata</strong></span> <span class='ocrx_word' id='word_1_57' title='bbox 1194 964 1287 1011; x_wconf 90' lang='lat' dir='ltr'><strong>hoc</strong></span> <span class='ocrx_word' id='word_1_58' title='bbox 1332 963 1584 1025; x_wconf 87' lang='lat' dir='ltr'><strong>innuunt,</strong></span> 
     </span>
     <span class='ocr_line' id='line_1_10' title="bbox 223 1036 1588 1105; baseline -0.001 -16"><span class='ocrx_word' id='word_1_59' title='bbox 223 1051 374 1105; x_wconf 79' lang='lat' dir='ltr'><strong>atque</strong></span> <span class='ocrx_word' id='word_1_60' title='bbox 396 1042 551 1088; x_wconf 81' lang='lat' dir='ltr'><strong>altera</strong></span> <span class='ocrx_word' id='word_1_61' title='bbox 575 1042 916 1102; x_wconf 74' lang='lat' dir='ltr'><strong>paragraphus</strong></span> <span class='ocrx_word' id='word_1_62' title='bbox 940 1043 1221 1088; x_wconf 83' lang='lat' dir='ltr'><strong>accuratius</strong></span> <span class='ocrx_word' id='word_1_63' title='bbox 1248 1043 1366 1088; x_wconf 89' lang='lat' dir='ltr'><strong>haec</strong></span> <span class='ocrx_word' id='word_1_64' title='bbox 1395 1036 1588 1104; x_wconf 81' lang='lat' dir='ltr'><strong>propo-</strong></span> 
     </span>
     <span class='ocr_line' id='line_1_11' title="bbox 222 1117 1588 1182; baseline 0 -15"><span class='ocrx_word' id='word_1_65' title='bbox 222 1120 400 1179; x_wconf 83' lang='lat' dir='ltr'><strong>nendi,</strong></span> <span class='ocrx_word' id='word_1_66' title='bbox 422 1126 589 1181; x_wconf 81' lang='lat' dir='ltr'><strong>aptam</strong></span> <span class='ocrx_word' id='word_1_67' title='bbox 618 1118 761 1176; x_wconf 85' lang='lat' dir='ltr'><strong>nobis</strong></span> <span class='ocrx_word' id='word_1_68' title='bbox 785 1117 1041 1180; x_wconf 84' lang='lat' dir='ltr'>praebebit</span> <span class='ocrx_word' id='word_1_69' title='bbox 1064 1118 1381 1167; x_wconf 86' lang='lat' dir='ltr'><strong>occafionem.</strong></span> <span class='ocrx_word' id='word_1_70' title='bbox 1427 1121 1588 1182; x_wconf 84' lang='lat' dir='ltr'><strong>Egre-</strong></span> 
     </span>
     <span class='ocr_line' id='line_1_12' title="bbox 220 1196 1585 1259; baseline 0.004 -16"><span class='ocrx_word' id='word_1_71' title='bbox 220 1199 303 1259; x_wconf 80' lang='lat' dir='ltr'><strong>gie</strong></span> <span class='ocrx_word' id='word_1_72' title='bbox 338 1196 509 1241; x_wconf 80' lang='lat' dir='ltr'><strong>&#39;Celsus</strong></span> <span class='ocrx_word' id='word_1_73' title='bbox 545 1196 682 1257; x_wconf 78' lang='lat'>(152)</span> <span class='ocrx_word' id='word_1_74' title='bbox 717 1203 917 1255; x_wconf 88' lang='lat' dir='ltr'><strong>monet,</strong></span> <span class='ocrx_word' id='word_1_75' title='bbox 958 1197 1159 1243; x_wconf 87' lang='lat' dir='ltr'><strong>oracula</strong></span> <span class='ocrx_word' id='word_1_76' title='bbox 1204 1196 1585 1248; x_wconf 70' lang='lat' dir='ltr'><strong>Graeca›tot·am</strong></span> 
     </span>
     <span class='ocr_line' id='line_1_13' title="bbox 223 1272 1584 1337; baseline 0.004 -17"><span class='ocrx_word' id='word_1_77' title='bbox 223 1283 407 1320; x_wconf 41' lang='lat' dir='ltr'><strong>‘terram</strong></span> <span class='ocrx_word' id='word_1_78' title='bbox 424 1273 626 1319; x_wconf 90' lang='lat' dir='ltr'><strong>coloniis</strong></span> <span class='ocrx_word' id='word_1_79' title='bbox 643 1272 814 1319; x_wconf 89' lang='lat' dir='ltr'><strong>crebro</strong></span> <span class='ocrx_word' id='word_1_80' title='bbox 843 1273 1137 1334; x_wconf 85' lang='lat' dir='ltr'><strong>replevisse3</strong></span> <span class='ocrx_word' id='word_1_81' title='bbox 1169 1291 1314 1337; x_wconf 58' lang='lat' dir='ltr'><strong>cum‘,</strong></span> <span class='ocrx_word' id='word_1_82' title='bbox 1345 1277 1584 1327; x_wconf 83' lang='lat' dir='ltr'><strong>Cicerone</strong></span> 
     </span>
     <span class='ocr_line' id='line_1_14' title="bbox 224 1350 1586 1421; baseline 0.004 -23"><span class='ocrx_word' id='word_1_83' title='bbox 224 1358 377 1411; x_wconf 88' lang='lat' dir='ltr'><strong>teste,</strong></span> <span class='ocrx_word' id='word_1_84' title='bbox 419 1350 607 1397; x_wconf 88' lang='lat' dir='ltr'><strong>nullam</strong></span> <span class='ocrx_word' id='word_1_85' title='bbox 636 1350 829 1396; x_wconf 28' lang='lat' dir='ltr'><strong>Graeci*</strong></span> <span class='ocrx_word' id='word_1_86' title='bbox 846 1350 1143 1397; x_wconf 83' lang='lat' dir='ltr'><strong>deducerent</strong></span> <span class='ocrx_word' id='word_1_87' title='bbox 1170 1353 1446 1421; x_wconf 71' lang='lat' dir='ltr'><strong>coloniam²</strong></span> <span class='ocrx_word' id='word_1_88' title='bbox 1474 1372 1586 1403; x_wconf 49' lang='lat' dir='ltr'><strong>&gt;non</strong></span> 
     </span>
     <span class='ocr_line' id='line_1_15' title="bbox 218 1425 1585 1489; baseline 0.004 -15"><span class='ocrx_word' id='word_1_89' title='bbox 218 1427 447 1474; x_wconf 83' lang='lat' dir='ltr'><strong>consulto</strong></span> <span class='ocrx_word' id='word_1_90' title='bbox 484 1425 684 1473; x_wconf 87' lang='lat' dir='ltr'><strong>oraculo</strong></span> <span class='ocrx_word' id='word_1_91' title='bbox 735 1426 887 1489; x_wconf 81' lang='lat'>(155).</span> <span class='ocrx_word' id='word_1_92' title='bbox 957 1426 1137 1489; x_wconf 56' lang='lat' dir='ltr'><strong>Atque*</strong></span> <span class='ocrx_word' id='word_1_93' title='bbox 1166 1429 1260 1476; x_wconf 87' lang='lat' dir='ltr'><strong>hoc</strong></span> <span class='ocrx_word' id='word_1_94' title='bbox 1307 1431 1414 1478; x_wconf 89' lang='lat' dir='ltr'><strong>iam·</strong></span> <span class='ocrx_word' id='word_1_95' title='bbox 1432 1435 1585 1480; x_wconf 40' lang='lat' dir='ltr'><strong>&#39;anti-</strong></span> 
     </span>
     <span class='ocr_line' id='line_1_16' title="bbox 216 1503 1590 1567; baseline 0.004 -16"><span class='ocrx_word' id='word_1_96' title='bbox 216 1505 397 1567; x_wconf 79' lang='lat' dir='ltr'><strong>quitus</strong></span> <span class='ocrx_word' id='word_1_97' title='bbox 423 1505 574 1549; x_wconf 85' lang='lat' dir='ltr'><strong>moris</strong></span> <span class='ocrx_word' id='word_1_98' title='bbox 609 1503 782 1563; x_wconf 86' lang='lat' dir='ltr'><strong>fuisse,</strong></span> <span class='ocrx_word' id='word_1_99' title='bbox 814 1511 1023 1565; x_wconf 89' lang='lat' dir='ltr'><strong>apparet</strong></span> <span class='ocrx_word' id='word_1_100' title='bbox 1046 1520 1108 1551; x_wconf 88' lang='lat' dir='ltr'><strong>ex</strong></span> <span class='ocrx_word' id='word_1_101' title='bbox 1135 1506 1336 1553; x_wconf 88' lang='lat' dir='ltr'><strong>illarum</strong></span> <span class='ocrx_word' id='word_1_102' title='bbox 1365 1509 1590 1557; x_wconf 77' lang='lat' dir='ltr'><strong>colonia-</strong></span> 
     </span>
     <span class='ocr_line' id='line_1_17' title="bbox 222 1575 1586 1643; baseline 0.004 -14"><span class='ocrx_word' id='word_1_103' title='bbox 222 1598 338 1629; x_wconf 88' lang='lat' dir='ltr'><strong>rum</strong></span> <span class='ocrx_word' id='word_1_104' title='bbox 379 1597 585 1643; x_wconf 85' lang='lat' dir='ltr'><strong>genere,</strong></span> <span class='ocrx_word' id='word_1_105' title='bbox 632 1575 851 1642; x_wconf 73' lang='lat' dir='ltr'><strong>quarum¹</strong></span> <span class='ocrx_word' id='word_1_106' title='bbox 891 1582 1282 1629; x_wconf 88' lang='lat' dir='ltr'><strong>deducendarum</strong></span> <span class='ocrx_word' id='word_1_107' title='bbox 1331 1586 1586 1636; x_wconf 89' lang='lat' dir='ltr'><strong>confilium</strong></span> 
     </span>
     <span class='ocr_line' id='line_1_18' title="bbox 222 1659 897 1719; baseline 0 -15"><span class='ocrx_word' id='word_1_108' title='bbox 222 1674 356 1704; x_wconf 89' lang='lat' dir='ltr'><strong>nunc</strong></span> <span class='ocrx_word' id='word_1_109' title='bbox 388 1659 609 1719; x_wconf 87' lang='lat' dir='ltr'><strong>primum</strong></span> <span class='ocrx_word' id='word_1_110' title='bbox 636 1674 897 1718; x_wconf 84' lang='lat' dir='ltr'><strong>exponam.</strong></span> 
     </span>
    </p>

    <p class='ocr_par' dir='ltr' id='par_1_3' title="bbox 224 1734 1586 1876">
     <span class='ocr_line' id='line_1_19' title="bbox 247 1734 1586 1804; baseline 0.007 -23"><span class='ocrx_word' id='word_1_111' title='bbox 247 1774 250 1781; x_wconf 79' lang='grc'>.</span> <span class='ocrx_word' id='word_1_112' title='bbox 291 1734 343 1781; x_wconf 90' lang='lat' dir='ltr'><strong>Si</strong></span> <span class='ocrx_word' id='word_1_113' title='bbox 368 1743 533 1781; x_wconf 88' lang='lat' dir='ltr'><strong>autem</strong></span> <span class='ocrx_word' id='word_1_114' title='bbox 559 1749 771 1795; x_wconf 85' lang='lat' dir='ltr'><strong>parvum</strong></span> <span class='ocrx_word' id='word_1_115' title='bbox 798 1734 1036 1783; x_wconf 83' lang='lat' dir='ltr'><strong>Graeciae</strong></span> <span class='ocrx_word' id='word_1_116' title='bbox 1059 1737 1299 1787; x_wconf 88' lang='lat' dir='ltr'><strong>ambitum</strong></span> <span class='ocrx_word' id='word_1_117' title='bbox 1330 1747 1378 1787; x_wconf 89' lang='lat' dir='ltr'><strong>et</strong></span> <span class='ocrx_word' id='word_1_118' title='bbox 1400 1758 1586 1804; x_wconf 84' lang='lat' dir='ltr'><strong>angus—</strong></span> 
     </span>
     <span class='ocr_line' id='line_1_20' title="bbox 224 1811 1584 1876; baseline 0.006 -17"><span class='ocrx_word' id='word_1_119' title='bbox 224 1819 301 1859; x_wconf 89' lang='lat' dir='ltr'><strong>tos</strong></span> <span class='ocrx_word' id='word_1_120' title='bbox 317 1845 332 1872; x_wconf 94' lang='lat'>,</span> <span class='ocrx_word' id='word_1_121' title='bbox 360 1811 539 1873; x_wconf 88' lang='lat' dir='ltr'><strong>quibus</strong></span> <span class='ocrx_word' id='word_1_122' title='bbox 580 1826 636 1856; x_wconf 89' lang='lat' dir='ltr'><strong>ea</strong></span> <span class='ocrx_word' id='word_1_123' title='bbox 674 1811 858 1857; x_wconf 83' lang='lat' dir='ltr'><strong>inclusa</strong></span> <span class='ocrx_word' id='word_1_124' title='bbox 882 1812 1034 1858; x_wconf 87' lang='lat' dir='ltr'><strong>fuerit</strong></span> <span class='ocrx_word' id='word_1_125' title='bbox 1057 1814 1321 1876; x_wconf 86' lang='lat' dir='ltr'><strong>limitibus,</strong></span> <span class='ocrx_word' id='word_1_126' title='bbox 1357 1819 1584 1867; x_wconf 87' lang='lat' dir='ltr'><strong>animad-</strong></span> 
     </span>
    </p>
   </div>
   <div class='ocr_carea' id='block_1_3' title="bbox 217 1887 1586 1953">
    <p class='ocr_par' dir='ltr' id='par_1_4' title="bbox 217 1887 1586 1953">
     <span class='ocr_line' id='line_1_21' title="bbox 217 1887 1586 1953; baseline 0.001 -20"><span class='ocrx_word' id='word_1_127' title='bbox 217 1896 504 1946; x_wconf 83' lang='lat' dir='ltr'><strong>.vertamus;</strong></span> <span class='ocrx_word' id='word_1_128' title='bbox 551 1888 694 1947; x_wconf 84' lang='lat' dir='ltr'><strong>dein,</strong></span> <span class='ocrx_word' id='word_1_129' title='bbox 741 1887 776 1933; x_wconf 89' lang='lat' dir='ltr'>fi</span> <span class='ocrx_word' id='word_1_130' title='bbox 816 1889 1081 1949; x_wconf 81' lang='lat' dir='ltr'><strong>cogitemus</strong></span> <span class='ocrx_word' id='word_1_131' title='bbox 1117 1891 1350 1953; x_wconf 85' lang='lat' dir='ltr'><strong>infignem</strong></span> <span class='ocrx_word' id='word_1_132' title='bbox 1394 1897 1586 1944; x_wconf 77' lang='lat' dir='ltr'><strong>multa-</strong></span> 
     </span>
    </p>
   </div>
   <div class='ocr_carea' id='block_1_4' title="bbox 214 1964 1586 2030">
    <p class='ocr_par' dir='ltr' id='par_1_5' title="bbox 214 1964 1586 2030">
     <span class='ocr_line' id='line_1_22' title="bbox 214 1964 1586 2030; baseline 0.005 -16"><span class='ocrx_word' id='word_1_133' title='bbox 214 1983 337 2014; x_wconf 78' lang='lat' dir='ltr'><strong>rum</strong></span> <span class='ocrx_word' id='word_1_134' title='bbox 366 1966 664 2030; x_wconf 63' lang='lat' dir='ltr'><strong>diversarum</strong></span> <span class='ocrx_word' id='word_1_135' title='bbox 692 1964 908 2026; x_wconf 88' lang='lat' dir='ltr'><strong>gentium</strong></span> <span class='ocrx_word' id='word_1_136' title='bbox 936 1965 1194 2012; x_wconf 87' lang='lat' dir='ltr'><strong>identidem</strong></span> <span class='ocrx_word' id='word_1_137' title='bbox 1220 1970 1586 2021; x_wconf 82' lang='lat' dir='ltr'><strong>advenientium</strong></span> 
     </span>
    </p>
   </div>
   <div class='ocr_carea' id='block_1_5' title="bbox 223 2040 1587 2189">
    <p class='ocr_par' dir='ltr' id='par_1_6' title="bbox 223 2040 1587 2189">
     <span class='ocr_line' id='line_1_23' title="bbox 224 2040 1583 2111; baseline 0 -19"><span class='ocrx_word' id='word_1_138' title='bbox 224 2043 452 2103; x_wconf 87' lang='lat' dir='ltr'><strong>turbam,</strong></span> <span class='ocrx_word' id='word_1_139' title='bbox 484 2058 636 2104; x_wconf 86' lang='lat' dir='ltr'><strong>porro</strong></span> <span class='ocrx_word' id='word_1_140' title='bbox 657 2076 670 2100; x_wconf 94' lang='lat'>,</span> <span class='ocrx_word' id='word_1_141' title='bbox 700 2040 734 2087; x_wconf 86' lang='lat' dir='ltr'><strong>fi</strong></span> <span class='ocrx_word' id='word_1_142' title='bbox 759 2056 851 2102; x_wconf 85' lang='lat' dir='ltr'><strong>pro</strong></span> <span class='ocrx_word' id='word_1_143' title='bbox 881 2042 1008 2089; x_wconf 86' lang='lat' dir='ltr'><strong>veris</strong></span> <span class='ocrx_word' id='word_1_144' title='bbox 1037 2043 1331 2107; x_wconf 82' lang='lat' dir='ltr'><strong>habeamus,</strong></span> <span class='ocrx_word' id='word_1_145' title='bbox 1374 2066 1499 2111; x_wconf 77' lang='lat' dir='ltr'><strong>quae</strong></span> <span class='ocrx_word' id='word_1_146' title='bbox 1524 2054 1583 2100; x_wconf 77' lang='lat' dir='ltr'><strong>de</strong></span> 
     </span>
     <span class='ocr_line' id='line_1_24' title="bbox 223 2117 1587 2189; baseline 0.004 -21"><span class='ocrx_word' id='word_1_147' title='bbox 223 2122 389 2183; x_wconf 89' lang='lat' dir='ltr'><strong>prima</strong></span> <span class='ocrx_word' id='word_1_148' title='bbox 426 2121 732 2165; x_wconf 87' lang='lat' dir='ltr'><strong>Graecorum</strong></span> <span class='ocrx_word' id='word_1_149' title='bbox 768 2117 992 2165; x_wconf 81' lang='lat' dir='ltr'><strong>barbarie</strong></span> <span class='ocrx_word' id='word_1_150' title='bbox 1017 2136 1046 2165; x_wconf 86' lang='lat' dir='ltr'><strong>a</strong></span> <span class='ocrx_word' id='word_1_151' title='bbox 1074 2122 1401 2183; x_wconf 83' lang='lat' dir='ltr'><strong>scriptoribus</strong></span> <span class='ocrx_word' id='word_1_152' title='bbox 1433 2143 1587 2189; x_wconf 87' lang='lat' dir='ltr'><strong>prae-</strong></span> 
     </span>
    </p>
   </div>
   <div class='ocr_carea' id='block_1_6' title="bbox 223 2195 1595 2329">
    <p class='ocr_par' dir='ltr' id='par_1_7' title="bbox 223 2195 1595 2329">
     <span class='ocr_line' id='line_1_25' title="bbox 223 2195 1587 2259; baseline 0.007 -15"><span class='ocrx_word' id='word_1_153' title='bbox 223 2199 457 2245; x_wconf 85' lang='lat' dir='ltr'><strong>dicantur</strong></span> <span class='ocrx_word' id='word_1_154' title='bbox 471 2232 488 2257; x_wconf 90' lang='lat'><strong><em>,</em></strong></span> <span class='ocrx_word' id='word_1_155' title='bbox 530 2212 643 2243; x_wconf 92' lang='lat' dir='ltr'><strong>cum</strong></span> <span class='ocrx_word' id='word_1_156' title='bbox 675 2195 809 2257; x_wconf 84' lang='lat' dir='ltr'><strong>apud</strong></span> <span class='ocrx_word' id='word_1_157' title='bbox 834 2196 944 2242; x_wconf 91' lang='lat' dir='ltr'><strong>illos</strong></span> <span class='ocrx_word' id='word_1_158' title='bbox 982 2199 1289 2259; x_wconf 86' lang='lat' dir='ltr'><strong>agricultura</strong></span> <span class='ocrx_word' id='word_1_159' title='bbox 1315 2210 1366 2250; x_wconf 88' lang='lat' dir='ltr'><strong>et</strong></span> <span class='ocrx_word' id='word_1_160' title='bbox 1391 2221 1587 2253; x_wconf 85' lang='lat' dir='ltr'><strong>merca-</strong></span> 
     </span>
     <span class='ocr_line' id='line_1_26' title="bbox 1508 2292 1595 2329; baseline 0 0"><span class='ocrx_word' id='word_1_161' title='bbox 1508 2292 1595 2329; x_wconf 90' lang='lat' dir='ltr'><strong>tu-</strong></span> 
     </span>
    </p>
   </div>
   <div class='ocr_carea' id='block_1_7' title="bbox 231 2473 1592 2590">
    <p class='ocr_par' dir='ltr' id='par_1_8' title="bbox 231 2473 1592 2590">
     <span class='ocr_line' id='line_1_27' title="bbox 277 2473 1592 2535; baseline 0.006 -22"><span class='ocrx_word' id='word_1_162' title='bbox 277 2474 406 2528; x_wconf 84' lang='lat'>(132)</span> <span class='ocrx_word' id='word_1_163' title='bbox 436 2473 552 2526; x_wconf 79' lang='lat' dir='ltr'><strong>Apud</strong></span> <span class='ocrx_word' id='word_1_164' title='bbox 590 2485 800 2516; x_wconf 73' lang='lat' dir='ltr'><strong>onlcmam</strong></span> <span class='ocrx_word' id='word_1_165' title='bbox 838 2474 932 2517; x_wconf 82' lang='lat' dir='ltr'><strong>VII.</strong></span> <span class='ocrx_word' id='word_1_166' title='bbox 974 2475 994 2527; x_wconf 64' lang='grc' dir='ltr'>ἕ</span> <span class='ocrx_word' id='word_1_167' title='bbox 1034 2487 1070 2526; x_wconf 82' lang='lat'><strong>3.</strong></span> <span class='ocrx_word' id='word_1_168' title='bbox 1131 2478 1200 2528; x_wconf 81' lang='lat' dir='ltr'><strong>Op.</strong></span> <span class='ocrx_word' id='word_1_169' title='bbox 1230 2488 1331 2520; x_wconf 86' lang='lat' dir='ltr'><strong>tom.</strong></span> <span class='ocrx_word' id='word_1_170' title='bbox 1357 2480 1400 2530; x_wconf 90' lang='lat' dir='ltr'><strong>I,</strong></span> <span class='ocrx_word' id='word_1_171' title='bbox 1432 2494 1469 2533; x_wconf 89' lang='lat' dir='ltr'><strong>p.</strong></span> <span class='ocrx_word' id='word_1_172' title='bbox 1500 2484 1592 2535; x_wconf 80' lang='lat'><strong><em>695.</em></strong></span> 
     </span>
     <span class='ocr_line' id='line_1_28' title="bbox 231 2539 742 2590; baseline 0.004 -12"><span class='ocrx_word' id='word_1_173' title='bbox 231 2539 375 2578; x_wconf 82' lang='lat' dir='ltr'><strong>Parifiis</strong></span> <span class='ocrx_word' id='word_1_174' title='bbox 407 2550 522 2590; x_wconf 87' lang='lat'>¹733·</span> <span class='ocrx_word' id='word_1_175' title='bbox 739 2554 742 2555; x_wconf 46' lang='lat'><em>⁷</em></span> 
     </span>
    </p>
   </div>
   <div class='ocr_carea' id='block_1_8' title="bbox 280 2600 949 2654">
    <p class='ocr_par' dir='ltr' id='par_1_9' title="bbox 280 2600 949 2654">
     <span class='ocr_line' id='line_1_29' title="bbox 280 2600 949 2654; baseline 0 -14"><span class='ocrx_word' id='word_1_176' title='bbox 280 2601 409 2654; x_wconf 73' lang='lat'><strong>(133)</strong></span> <span class='ocrx_word' id='word_1_177' title='bbox 436 2603 600 2643; x_wconf 62' lang='lat' dir='ltr'><strong>Cscsao</strong></span> <span class='ocrx_word' id='word_1_178' title='bbox 630 2601 673 2641; x_wconf 84' lang='lat' dir='ltr'><strong>de</strong></span> <span class='ocrx_word' id='word_1_179' title='bbox 701 2600 821 2642; x_wconf 75' lang='lat' dir='ltr'><strong>divin.</strong></span> <span class='ocrx_word' id='word_1_180' title='bbox 852 2600 883 2641; x_wconf 88' lang='lat'><strong>1.</strong></span> <span class='ocrx_word' id='word_1_181' title='bbox 915 2612 949 2640; x_wconf 89' lang='lat'><strong>1.</strong></span> 
     </span>
    </p>
   </div>
  </div>
 </body>
</html>
