1787 3205
200 211 296 260 148
440 208 541 259 DE
576 201 899 259 COLONIIS
931 208 1303 260 VETERUMs

206 369 344 418 vium
388 368 730 417 Romanorum
758 369 955 432 privata
992 368 1236 418 habebant
1250 402 1266 432 ,
1310 367 1563 417 Romanae

203 452 348 493 erant
373 446 610 493 coloniae.
680 446 796 493 Non
824 447 994 493 desunt
1015 446 1248 513 quidem,
1288 462 1350 494 ex
1381 445 1562 510 quibua

207 521 334 571 effici
364 525 505 586 posse
531 525 786 584 videatur,
825 523 1042 571 colonias
1073 524 1240 572 omnia
1280 526 1392 573 iura
1410 558 1425 586 ,
1462 531 1564 571 tam
1588 572 1594 578 ,

205 600 421 663 publica.
436 618 581 663 quam
621 601 817 663 privata
833 634 848 660 ,
899 601 1169 650 retinuisse.
1238 600 1394 648 Immo
1430 601 1567 651 cives

201 677 427 725 Romani
458 679 647 741 saepius
679 677 944 725 dicuntur:
1014 677 1087 725 Ut
1126 677 1405 738 Veliterni,
1438 692 1565 740 quoa

200 762 398 802 veteres
437 756 569 804 civea
611 754 870 801 Romanoa
914 752 1133 817 appellat
1174 754 1356 803 Livius
1403 754 1565 815 (565).

206 831 433 891 Quidni?
487 837 730 894 quatenus
789 831 922 878 enim
956 831 1145 878 *omnia
1195 831 1307 878 iura
1353 830 1567 879 civitatis

127 919 130 921 ’
204 926 307 956 non
347 909 635 970 amiserant,
665 909 733 956 ita
764 908 861 955 dici
890 909 1094 971 possunt
1112 942 1128 969 ,
1178 908 1440 956 dummodo
1467 924 1568 971 op·-

208 988 332 1034 tima
363 988 476 1034 iura
501 988 564 1033 iis
595 1002 697 1033 non
729 985 920 1032 tribuas
935 1003 951 1045 3
982 985 1170 1032 tametfi
1214 992 1454 1047 quatenus
1473 985 1570 1032 iu·-

207 1064 339 1112 rium
387 1070 580 1125 partem
632 1062 920 1123 amiserant,
971 1061 1171 1108 nomine
1211 1062 1367 1123 magis
1412 1076 1563 1122 quam

202 1155 258 1185 re
316 1139 445 1198 cives
504 1138 712 1184 suerunt
768 1137 1001 1184 Romani.
1068 1132 1202 1182 Hinc
1249 1136 1334 1182 illa
1387 1136 1558 1185 Livii:

203 1230 233 1261 »
254 1214 453 1262 Novum
498 1214 575 1260 ius
620 1229 679 1260 eo
718 1228 849 1259 anno
893 1229 923 1260 a
961 1212 1362 1261 Ferentinatibus
1400 1219 1570 1260 tenta-

173 1292 230 1337 ’»
252 1298 358 1338 tum
380 1324 395 1349 ‚
429 1297 486 1336 ut
510 1275 727 1349 ⁸Latini,
766 1290 852 1350 qui
894 1290 946 1335 in
995 1289 1239 1335 coloniam
1287 1289 1562 1338 Romanam
1644 1278 1647 1282 ⁴

204 1383 230 1416 >J
253 1367 458 1413 nomina
494 1365 764 1424 dedissent,
807 1365 939 1413 cives
971 1364 1187 1412 Romani
1211 1365 1385 1413 essent.
1452 1365 1568 1412 Pu-

210 1459 237 1488 »
259 1444 410 1489 teolos
431 1478 446 1503 ,
505 1441 863 1503 Salernumque
903 1448 956 1487 et
1008 1440 1294 1488 Buxentum
1338 1442 1570 1504 adscripti

209 1535 238 1565 2>
260 1520 451 1579 coloni,
501 1521 589 1581 qui
624 1519 826 1565 nomina
862 1519 1128 1580 dederant,
1169 1535 1283 1566 cum
1322 1517 1386 1564 ob
1430 1520 1479 1565 id
1524 1521 1571 1566 se

210 1612 236 1641 υ
258 1612 355 1657 pro
384 1596 576 1648 civibus
608 1594 845 1641 Romanis
873 1594 1061 1641 ferrent
1078 1627 1094 1654 ,
1137 1594 1345 1641 Senatus
1372 1595 1566 1643 iudica-

207 1673 329 1720 »vit
346 1706 361 1731 ,
391 1688 493 1718 non
526 1673 625 1718 esse
653 1686 736 1717 eos
763 1671 895 1718 cives
919 1671 1203 1717 Romanos’'
1232 1672 1385 1733 (566).

274 1747 507 1793 Colonias
552 1753 714 1793 autem
747 1746 927 1792 civium
968 1745 1308 1793 Romanorum
1350 1748 1568 1796 deterio-

209 1825 281 1870 ris
314 1824 428 1884 ipfis
460 1823 651 1870 civibus
683 1821 977 1868 conditionis
1017 1822 1195 1882 fuisse,
1236 1839 1296 1869 ex
1333 1823 1572 1872 Cicerone

212 1901 444 1962 colligas:
516 1915 543 1946 »
565 1898 638 1945 Hi
683 1898 864 1959 sunt,’'
907 1899 1074 1960 inquit⁴
1113 1899 1382 1947 »homines
1413 1916 1474 1949 ex
1501 1903 1567 1949 iis

211 1994 239 2024 )>
265 1977 470 2023 coloniis
488 2011 502 2036 ,
543 1992 663 2038 quas
695 1974 832 2022 Sulla
862 1975 1140 2038 constituit,
1170 1964 1295 2040 quas*
1324 1993 1411 2040 ego
1444 1981 1570 2027 uni-

211 2055 422 2102 »versas
467 2054 653 2105 civium
692 2054 792 2101 esse
832 2055 1140 2115 optimorum
1184 2062 1234 2101 et
1273 2054 1559 2103 fortissimo-

210 2146 239 2178 »
261 2147 374 2177 rum
405 2130 631 2179 virorum
658 2130 810 2177 sentio
826 2147 842 2189 3
880 2130 958 2177 sed
986 2138 1151 2178 tamen
1179 2131 1233 2178 hi
1261 2131 1373 2180 sunt
1405 2134 1566 2181 coloni

214 2222 241 2253 »
264 2208 394 2254 ete.'’
414 2206 582 2268 (567);
609 2215 658 2251 et
688 2206 867 2253 clarius
885 2206 986 2254 Dio
1003 2207 1220 2269 Cassius,
1246 2209 1335 2257 ubi
1363 2210 1423 2258 de
1443 2210 1571 2257 Cae-

1494 2286 1568 2337 sa-

261 2414 388 2469 (365)
418 2416 566 2456 L1v1us
590 2415 705 2455 VIII.
736 2425 798 2465 ¹4·
852 2412 920 2455 Cf.
945 2393 1107 2457 V'Isnl.

263 2475 394 2530 (366)
421 2477 539 2516 Idem.
561 2476 747 2516 XXXIV.
767 2487 833 2525 42.

187 2571 190 2579 s
262 2536 390 2589 (367)
419 2538 581 2576 CICERO
607 2540 646 2576 in
676 2537 763 2576 Cat.
793 2535 830 2574 11
867 2546 905 2586 9.
