1787 3205
425 226 523 281 DE
557 200 884 281 cOLoan
918 227 1286 282 VETERUM.
1456 231 1548 280 165

191 395 286 442 fint
332 388 497 454 parati
540 391 722 441 devicti
752 391 930 455 populi
971 392 1034 438 ad
1072 393 1245 456 iugum
1287 389 1553 441 excutien-

185 470 332 530 du'm,
380 469 442 516 ad
483 468 758 534 libertatem
772 503 789 530 ‚
839 468 974 516 omni
1017 456 1139 515 aui-o
1179 468 1512 531 pretiosiorem
1530 502 1546 530 ,

185 545 276 592 fibi
308 547 722 610 recuperandam3
771 544 860 609 qui
904 546 1100 593 tandem
1143 546 1257 592 illos
1305 545 1546 593 subiectos

184 623 400 670 retinere
427 625 707 687 potuissent*
737 623 987 685 Romani,>
1021 622 1111 669 nifi
1135 623 1188 669 in
1218 622 1422 669 illorum
1447 639 1547 685 op-

110 701 115 706 ’
182 700 315 761 pidis
347 700 662 764 reliquissent
684 707 773 747 aut
796 700 848 747 in
876 716 933 748 ea
959 700 1224 761 mffissent,
1251 699 1340 762 qui
1370 715 1542 746 eorum

182 778 372 825 animos
417 785 700 828 coercerent
718 812 733 838 ‚
777 777 813 824 fi
835 778 1047 839 'quando
1087 793 1165 824 res
1210 793 1365 827 novas
1397 777 1547 824 moli-

182 855 395 902 rentur?
468 855 616 914 Quod
659 870 771 901 cum
813 854 918 915 ipsa
959 854 1084 900 ratio
1129 854 1301 914 docet,
1346 862 1457 900 tum
1484 854 1546 900 de

186 931 380 996 colonia
426 930 821 993 Camulodunum
864 929 1073 976 &ducta
1115 930 1265 984 tradit
1301 929 1542 988 Tacitus;

181 1022 296 1054 cum
344 1021 452 1053 eam
491 1007 621 1054 dicat
637 1039 654 1067 ,
695 1005 925 1055 validam
966 1015 1329 1053 veteranorum
1356 1022 1514 1053 manu
1530 1040 1546 1067 ,

167 1082 460 1147 subsidium
504 1084 754 1147 adversus
802 1082 1017 1130 rebelles
1063 1092 1115 1130 et
1146 1082 1432 1130 imbuendis
1448 1086 1548 1146 so-

182 1161 280 1207 ciis
320 1161 392 1207 ad
433 1158 598 1223 officia
638 1161 812 1223 legum
848 1160 1003 1223 (406).
1074 1159 1250 1222 Neque
1277 1176 1395 1209 vero
1423 1161 1547 1208 tales

182 1238 338 1286 solum
377 1238 543 1299 locos,
586 1253 711 1300 quos
752 1237 918 1284 coloni
958 1228 1220 1298 tenebant,
1260 1237 1338 1284 sed
1372 1254 1544 1285 omnes

183 1315 589 1363 circumiacentes
630 1314 852 1377 regiones
904 1313 1240 1363 observabant.
1312 1315 1543 1363 Ceterum

179 1393 385 1440 coloniis
429 1393 483 1439 in
522 1407 664 1454 agros
704 1392 920 1438 deductis
935 1426 952 1453 ‚
1011 1392 1319 1440 devictorum
1360 1393 1542 1440 horum

180 1470 369 1515 animos
395 1469 558 1515 coloni
580 1468 817 1514 Romanis
845 1469 997 1530 magis
1026 1470 1279 1530 magisque
1304 1469 1541 1515 concilia-

180 1544 331 1605 bant,
374 1545 428 1590 in
469 1546 641 1606 primis
681 1545 718 1591 fi
749 1545 928 1606 populi
967 1545 1046 1590 illi
1087 1545 1312 1590 rudiores
1352 1546 1508 1591 essent
1526 1580 1541 1606 ,

181 1637 344 1683 neque
371 1621 434 1666 ad
464 1621 701 1666 maiorem
726 1620 917 1666 cultum
957 1620 1142 1678 evecti3
1177 1617 1291 1667 iiam
1325 1621 1438 1667 licet
1461 1623 1547 1668 sua

181 1699 316 1745 sacra
347 1697 582 1760 antiqua,
621 1713 816 1758 mores,
863 1704 955 1744 cet.
1004 1696 1313 1759 retinebant,
1356 1698 1547 1745 Roma-

179 1792 361 1824 norum
386 1782 551 1821 tamen
583 1773 717 1819 sacra
734 1807 750 1833 ,
796 1773 1118 1819 caerimoniae
1136 1809 1152 1834 ,
1193 1777 1320 1821 ritus
1340 1810 1354 1836 ‚
1382 1776 1510 1838 leges
1527 1812 1543 1838 ‚

180 1852 333 1901 verbo
370 1859 477 1898 tota
512 1849 852 1896 Romanorum
891 1850 1020 1897 vitae
1048 1852 1173 1897 ratio
1191 1886 1207 1913 ‚
1238 1859 1345 1899 tum
1373 1853 1545 1915 publi-

181 1947 272 1991 ca,
308 1937 417 1978 tum
444 1929 668 1991 privata,
701 1926 1144 1974 introducebantur
1163 1962 1179 1989 ,
1218 1945 1344 1990 quae
1378 1933 1544 1994 omnia

178 2008 324 2056 facile
356 2006 775 2069 amplecterentur
806 2004 1000 2054 devicti.

248 2085 365 2131 Non
392 2074 588 2130 minora
616 2082 737 2127 aliae
779 2082 999 2127 coloniae
1037 2083 1099 2128 ad
1141 2083 1407 2144 imperium
1453 2084 1547 2130 fir-

179 2161 413 2210 mandum
444 2158 744 2218 afferebant,
791 2158 923 2219 quod
956 2165 1058 2205 tam
1096 2159 1283 2206 idoneis
1330 2161 1385 2207 in
1424 2161 1545 2208 locis

178 2239 337 2287 essent
362 2238 493 2284 fitae.
551 2235 693 2294 Quae
715 2228 846 2281 enim
875 2235 929 2282 in
958 2234 1139 2283 finibus
1162 2237 1360 2300 imperii
1389 2239 1546 2284 collo-

179 2324 313 2364 catae
331 2322 472 2362 erant
486 2348 503 2375 ‚
524 2312 854 2376 impediebant
867 2347 882 2375 ‚
914 2315 1180 2376 quominus
1202 2316 1367 2363 hostes
1384 2317 1548 2379 impe-

1471 2410 1548 2441 Υι-

232 2573 360 2627 (406)
390 2576 582 2618 Tam-rus
616 2574 719 2616 Ann.
746 2573 935 2683 X11L325.
