1787 3205
232 226 295 275 64
480 225 578 272 DE
620 222 860 272 COLON
863 222 945 270 113
963 236 966 238 ’
982 218 1350 276 ἿΕΤΕΗΪΙΜ.

233 391 352 431 tura
405 382 724 431 mediocriter
788 390 984 430 tantum
1035 384 1383 435 excolerentur
1398 418 1416 447 ‚
1454 383 1597 447 quid

237 462 514 520 miremur,
576 460 832 523 antiquam
890 459 1187 522 Graeciam,
1251 463 1454 524 eodem,
1500 477 1601 524 quo

237 538 514 586 Phoenices
533 572 549 599 ,
603 539 731 584 malo
782 538 976 600 saepius
1017 537 1260 585 laborasse
1278 573 1293 600 ,
1340 548 1390 588 et
1431 526 1602 586 eodem

235 615 343 664 fere
388 615 588 663 confilio
633 616 768 662 uliam
812 614 1001 662 fuisse?
1080 615 1213 663 Cum·
1246 616 1603 666 <enimG1-neoi

234 711 328 758 per
374 688 585 741 nimiuin
627 692 905 740 incolarum
947 701 1213 741 numerum
1256 694 1605 756 ‘penuria-‘fae-

232 773 357 834 pius-
381 777 761 833 premerentur,
800 786 975 817 eorum
1002 778 1195 832 partem
1239 771 1490 833 aliquam,
1523 777 1606 818 at·-

236 864 336 911 que
378 849 433 894 in
475 847 652 909 primis
691 847 1001 895 iuventutem
1022 881 1037 908 ,
1087 863 1149 894 ex
1190 848 1358 910 patrie
1394 848 1605 909 migrare

236 926 392 987 inque
432 924 543 970 aliis
579 923 714 970 orbis
761 915 1010 975 terrarum
1040 925 1324 988 regionibus
1371 925 1501 972 sedes
1541 923 1607 971 fi·-

237 1019 356 1066 gere
382 1003 634 1049 iusserunt
650 1036 664 1060 ,
696 1004 859 1049 victus
882 1004 1073 1064 copiam
1100 1004 1428 1065 quaefituram
1446 1004 1602 1064 (154).

237 1081 389 1141 Hanc
425 1086 590 1140 autem
622 1080 930 1126 iuventutem
950 1113 966 1140 ,
1011 1095 1103 1128 ver
1131 1081 1366 1141 sacrum'
1392 1080 1605 1140 dictam,

240 1158 351 1205 Deo
377 1157 595 1202 ·cuidam
641 1156 972 1203 consecratam
992 1190 1007 1215 ,
1049 1156 1262 1217 peractis
1306 1162 1421 1203 ante
1459 1156 1608 1202 sacris

239 1232 539 1286 solemnibus
559 1266 574 1293 ,
613 1231 875 1280 aofaustis
919 1232 1148 1280 omnibus
1167 1266 1183 1298 ,
1216 1240 1450 1295 parentes
1494 1248 1608 1280 oum

240 1313 439 1366 colonia
494 1310 779 1358 emiserunt.
864 1308 1032 1372 Atque
1068 1311 1150 1358 ita,
1179 1317 1421 1373 egerunt,
1476 1326 1608 1372 quo*

234 1391 327 1438 ties
372 1396 534 1435 terrae
577 1394 852 1449 proventus
892 1387 1047 1434 nimio
1092 1388 1370 1435 incolarum
1399 1402 1609 1434 numero

238 1485 343 1516 non
367 1467 609 1514 sufficeret
636 1466 790 1526 (155).
839 1465 1210 1511 Posterioribus
1237 1467 1383 1512 etiam
1412 1472 1611 1526 tempo-

242 1544 384 1593 ribus
409 1544 560 1590 huius
590 1543 780 1604 generis
806 1540 1118 1588 coloniarum
1150 1541 1337 1588 exstant
1364 1541 1605 1603 exempla.

242 1623 322 1669 Ita
374 1629 601 1682 tempore
648 1618 853 1665 Periclis
899 1617 1183 1679 Sybaritae,
1228 1635 1342 1665 cum
1391 1619 1611 1664 Athenas

241 1692 520 1758 venisserft,
551 1702 609 1742 ut
642 1695 701 1741 de
733 1693 1035 1741 crotoniatis
1069 1702 1397 1757 quererentur
1417 1702 1467 1742 et
1491 1711 1612 1741 con-

241 1785 324 1825 tra
370 1792 453 1823 eos
479 1773 722 1821 auxilium
762 1778 1019 1833 peterent,
1052 1772 1265 1819 Pericles
1295 1773 1493 1835 quidem
1521 1788 1611 1817 co-

240 1854 382 1902 lonia.
405 1852 614 1901 deducta
654 1849 719 1895 iis
764 1864 954 1896 morem
986 1848 1215 1913 gerebat,
1243 1865 1418 1899 verum
1446 1856 1614 1896 tamen

1515 1926 1617 1973 hu-

294 2114 429 2167 (134)
457 2115 517 2153 De
539 2114 617 2151 hoe
644 2121 753 2150 more
777 2112 826 2148 ita
856 2117 1018 2148 testatur
1045 2119 1235 2149 meamus
1258 2111 1299 2147 in
1320 2120 1474 2165 argum.
1498 2109 1614 2150 Orat.

242 2176 436 2217 Demostb.
464 2174 565 2230 περὶ
601 2168 689 2214 τῶν
730 2169 777 2212 ἐν
808 2161 1094 2244 χεῤῥονήσωτ
1128 2162 1272 2219 Ἐθος
1312 2167 1359 2210 δὲ
1398 2182 1456 2212 τν
1481 2164 1615 2211 τοῦτο

245 2233 442 2283 παλαιὸν
479 2238 572 2288 τοῖς
602 2230 908 2288 Ἀθηναιοΐς,
947 2227 1048 2277 ὅσοι
1085 2234 1265 2287 πένητες
1300 2224 1418 2288 ἦσαν
1470 2227 1616 2276 αὐτῶν

245 2322 324 2350 και
364 2299 608 2362 ἆκτὴμονες
658 2301 795 2353 οίκοι,
848 2294 1030 2352 τούτους
1064 2301 1251 2358 πέμπειν
1290 2299 1485 2352 ἐκοίκους
1496 2332 1509 2352 ,
1554 2296 1616 2352 εἰς

243 2368 324 2426 τὰς
350 2371 428 2426 ἔξω
460 2366 610 2422 πόλεις
637 2363 719 2420 τὰς
745 2364 922 2410 ἑαυτῶν.

298 2441 425 2493 (¹35)
455 2442 561 2479 Idem
588 2440 688 2489 apud
713 2437 946 2483 Aborigines
982 2437 1151 2486 aliasque
1181 2436 1358 2485 antiquas
1383 2445 1515 2484 gentes
1557 2437 1617 2474 lo.

251 2515 340 2543 cum
368 2503 572 2548 habuisse,
594 2510 733 2540 auctor
756 2507 816 2535 est
835 2507 1053 2538 molwsms
1082 2499 1614 2545 HALICARNASSEN518,Ant.

247 2566 354 2605 Rom.
382 2564 412 2602 1.
449 2564 519 2610 16,
549 2562 602 2602 11.
635 2574 670 2606 L·
729 2559 799 2600 Cf.
826 2568 985 2599 sTnAno
1013 2558 1062 2597 V.
1089 2569 1175 2607 pag.
1203 2558 1292 2606 383.
