1787 3205
205 192 269 264 76
460 201 560 251 DE
577 199 940 269 *COLONIIS
961 200 1333 254 VETERUM.

207 360 330 409 adeo
357 362 557 425 magnas
573 396 588 423 ,
619 377 713 410 nec
742 360 869 411 bene
898 360 1160 411 instructas
1194 361 1382 423 fuisse3>
1402 361 1579 416 Xeno·

202 439 406 501 phontis
433 446 602 487 tamen
630 448 856 503 tempore
878 456 1054 488 eorum
1089 449 1386 492 mercatura,
1406 447 1457 487 et
1481 452 1580 492 nae

197 516 386 579 'vigatio
413 517 630 565 multum
664 518 859 566 roboris
894 525 1177 581 acceperat:
1216 519 1369 571 immo
1401 518 1482 566 hic
1519 517 1580 564 de

205 591 419 641 Athenis
457 595 717 657 loquitur,
769 602 1008 658 tanquam
1036 595 1107 641 de
1151 594 1277 642 urbe
1315 596 1579 652 maximam

205 678 538 718 mercaturam
567 679 862 732 exercente,
902 671 1236 734 omnibusque
1259 670 1325 718 ad
1348 687 1457 719 eam
1480 686 1579 719 -ne-

205 748 423 795 cessariis
458 746 697 796 instructa
730 747 886 812 (166).

274 825 329 872 Si
377 834 544 874 autem
592 826 939 874 traditionibus
982 823 1131 873 fidem
1154 793 1417 877 habeamus
1434 855 1450 886 ,
1479 822 1578 870 sta-

204 910 347 952 tuere
377 903 494 952 licet
510 937 525 964 ,
558 904 689 952 inter
719 903 936 952 colonias
973 903 1028 951 in
1070 902 1184 953 Afia
1222 902 1408 950 minori
1437 900 1579 952 fuis·-

206 982 285 1042 se,
334 997 462 1044 quae
485 982 618 1043 ipsas
645 981 979 1044 metropoles,
1012 980 1058 1028 fi
1102 980 1163 1027 de
1205 986 1488 1028 mercatura
1517 986 1580 1026 et

210 1059 530 1121 navigatione
572 1067 647 1105 est
673 1060 830 1105 sermo
845 1093 862 1119 ,
901 1059 1225 1121 superarent,
1265 1073 1426 1119 usque
1457 1056 1579 1112 adeo

208 1135 438 1197 quidem,
482 1142 543 1182 ut
584 1135 852 1196 pleraeque
878 1135 1100 1181 coloniae
1128 1135 1221 1180 hoc
1251 1133 1356 1180 fere
1380 1126 1578 1180 confilio

205 1211 268 1258 ab
301 1211 378 1258 his
410 1211 617 1259 coloniis
638 1211 742 1257 fint
789 1211 1054 1271 deductae,
1099 1227 1215 1257 cum
1258 1227 1287 1257 e
1328 1210 1577 1267 contrario

204 1289 360 1351 ipsius
393 1288 634 1335 Graeciae
661 1288 880 1336 civitates
905 1303 986 1334 eas
1027 1288 1181 1349 magis
1207 1294 1420 1350 propter
1450 1286 1579 1333 civi-

199 1365 273 1414 les
309 1365 525 1413 rationes
558 1365 872 1414 deducerent.
944 1364 1058 1413 Una
1084 1364 1292 1413 Miletus
1307 1399 1324 1427 ,
1356 1363 1578 1413 celeber-

201 1443 332 1489 rima
363 1443 481 1503 illa,
511 1450 620 1490 tum
637 1450 927 1490 mercatura
956 1443 1043 1490 fua
1064 1443 1219 1505 »longe
1248 1443 1445 1505 lateque
1480 1456 1580 1504 pa·-

202 1527 341 1568 tente
361 1553 377 1580 ,
422 1526 530 1566 tum
572 1520 755 1569 divitiis
791 1520 994 1583 egregiis
1015 1555 1029 1580 ,
1068 1519 1454 1567 innumerabiles
1489 1535 1580 1572 co-

200 1597 366 1644 lonias
398 1596 647 1657 condidit,
675 1612 744 1643 ‘eo
783 1598 838 1643 in
876 1597 1052 1658 primis
1082 1591 1316 1658 confluo,
1358 1603 1416 1644 ut
1439 1610 1577 1643 mer-

203 1681 407 1721 caturae
438 1674 773 1733 inservirent,
808 1689 1014 1735 eamque
1041 1674 1192 1720 latius
1220 1679 1574 1736 propagarent.

201 1750 532 1813 Septuaginta
562 1749 786 1812 quinque
814 1750 922 1796 eius
951 1750 1169 1796 colonias
1204 1757 1449 1798 memorat
1484 1748 1577 1808 Se-

198 1843 320 1874 neca
343 1827 499 1891 (167).
571 1824 769 1873 Plinius
801 1842 919 1873 vero
949 1828 1196 1889 octoginta
1227 1844 1336 1875 eam
1363 1827 1574 1880 habui&

199 1907 247 1953 se
289 1907 362 1952 ait
406 1905 576 1968 (168);
626 1904 894 1967 pleraeque
936 1905 997 1951 ad
1045 1904 1266 1953 Pontum
1312 1906 1570 1953 Euxinum

197 1984 408 2030 fuerunt
430 1983 546 2030 fitae
558 1979 716 2044 (169),
751 1998 900 2044 quem
916 2016 931 2041 ‚
961 1982 1230 2031 secundum
1245 1982 1538 2031 Strabonem
1557 2017 1572 2044 ,

198 2069 307 2108 tum
335 2061 481 2107 etiam
513 2059 870 2122 Propontidem
894 2060 1090 2123 aliaque
1113 2062 1221 2109 loca
1245 2060 1453 2108 coloniis
1472 2058 1575 2108 Mi·

1498 2137 1577 2185 le-

249 2296 378 2348 (166)
407 2296 642 2335 xmornou
679 2294 722 2332 de
750 2296 966 2344 proventib.
1010 2298 1067 2336 cf.
1106 2296 1299 2336 Proclidis
1335 2295 1414 2337 five
1443 2297 1576 2337 Patro·

195 2361 265 2399 elis
293 2356 446 2398 Phliafii
475 2358 598 2395 orati0
618 2355 721 2405 apud
741 2355 924 2402 eundem,
953 2357 1134 2397 Hellem'c.
1166 2358 1261 2398 VII.
1284 2359 1368 2399 init.

247 2419 377 2472 (16⁷)
409 2419 572 2459 SENECA
599 2416 728 2468 consol.
760 2416 818 2456 ad
842 2416 953 2457 Helv.
983 2429 1021 2458 c.
1046 2421 1084 2458 6.

248 2481 376 2534 (168)
406 2483 577 2522 Pmmus
605 2481 658 2519 H.
683 2480 738 2520 N.
767 2480 818 2518 V.
844 2490 910 2528 30.

251 2544 380 2597 (169)
411 2544 576 2585 Smauo
607 2542 733 2591 XIII,
768 2554 807 2593 p.
839 2543 906 2582 881
940 2540 1022 2590 seq.
