1787 3205
375 242 473 291 DE
507 241 834 293 COLONIIS
869 238 1236 293 VETERUM.
1432 245 1499 307 93

85 444 87 446 .
135 404 224 452 riis
257 401 495 452 Graeciae
526 401 809 467 regionibus
840 402 1077 465 profectis
1096 431 1121 464 ‚-
1138 401 1394 462 mot-ihm,
1421 401 1498 448 le·-

133 480 275 546 gibus
291 512 307 542 ,
333 482 508 529 ceteris
536 481 735 529 diversis
753 515 767 543 ,
795 488 903 528 tum
920 481 1034 528 iura
1048 480 1269 527 coloniae
1291 481 1347 527 in
1372 478 1498 527 urbe

137 572 267 607 nova
296 559 519 606 conditae
546 557 1001 619 distribuebantur,
1046 558 1123 604 his
1149 572 1364 618 nomen,
1398 557 1498 604 illis

139 637 256 684 iura
287 636 421 687 reive
450 636 680 701 publicae
712 636 933 684 formam'
954 632 1322 702 tribuentibus,
1366 635 1501 682 unde

131 714 218 761 sua
255 730 478 777 quaeque
519 714 812 777 metropolis
855 715 909 760 in
949 714 1041 760 hae
1083 712 1275 760 colonia
1299 711 1502 759 haberet

132 791 263 838 iura.
442 792 446 795 ’

172 893 175 894 ⁷
201 868 280 914 Ex
326 868 418 914 hae
461 866 769 914 coloniarum
814 871 864 910 et
893 863 1237 926 metropoleos
1268 865 1503 913 fimilitu·

133 943 246 990 dine
283 945 494 1007 intelligi
528 949 720 1005 potest,
770 941 1027 990 vinculum
1045 974 1062 1002 ,
1098 941 1233 1003 quod
1268 941 1331 988 ab
1358 943 1502 990 initio

132 1022 253 1071 esset
271 1057 288 1084 ,
331 1012 680 1086 supet-manere
727 1021 957 1082 deinceps
1000 1021 1236 1081 potuisse.
1307 1020 1504 1082 Quam-

134 1102 209 1149 vis
239 1100 392 1165 igitur
412 1101 585 1164 'aliqua
616 1098 798 1163 populi
829 1113 954 1160 pars·
988 1096 1153 1145 locum
1187 1105 1499 1161 mutaverat,

129 1179 250 1226 haec
286 1187 448 1226 tamen
485 1179 587 1225 no'n
626 1181 786 1224 novus
822 1174 968 1222 fiebat
1003 1177 1248 1238 populus,
1284 1178 1393 1238 secl,
1441 1185 1500 1226 nt

134 1256 279 1302 Plato
319 1257 397 1303 -ait
416 1289 432 1317 ‚
499 1253 727 1301 manebat
775 1258 924 1316 γένος
950 1251 1193 1319 ὁμόφωνον
1220 1270 1225 1274 ·
1253 1261 1332 1303 καὶ
1390 1254 1504 1318 ὁμό-

131 1332 273 1397 νόμον
310 1334 364 1379 in
410 1332 604 1379 duabus
633 1329 938 1393 'regionibus
977 1330 1269 1378 distinctum
1319 1331 1495 1394 (219);

130 1409 352 1471 illudque
399 1425 454 1456 re
499 1409 602 1471 ipsa
647 1415 757 1455 tum
804 1407 1096 1468 metropolis
1126 1456 1132 1471 k
1145 1414 1255 1454 tum
1299 1409 1499 1455 colonia

131 1484 521 1546 comprobabat,
547 1501 662 1531 cum
690 1498 807 1545 erga
834 1482 926 1529 sese
952 1483 1170 1530 invicem
1201 1484 1338 1544 quali
1365 1484 1496 1530 idem

130 1560 350 1624 populus
381 1562 555 1608 essent.
625 1556 799 1608 Veluti
818 1593 833 1619 ‚
880 1558 1121 1620 generalis
1154 1560 1309 1606 moris
1352 1568 1490 1622 erat,

130 1645 189 1685 ut
244 1638 441 1685 colonia
502 1636 769 1700 quotannis
830 1636 1014 1697 legatos
1070 1636 1132 1682 ad
1188 1638 1491 1698 metropolin

130 1715 372 1777 mitteret,
428 1715 545 1762 Diis
599 1715 779 1777 patriis
836 1714 969 1760 sacra
1012 1711 1253 1761 facturos.
1337 1713 1493 1762 Hunc

130 1805 319 1840 morem
359 1808 461 1840 non
508 1808 538 1838 a
580 1792 872 1850 nonnullis,
914 1791 993 1837 sed
1023 1791 1086 1837 ab
1126 1792 1357 1839 omnibus
1402 1810 1493 1840 co-

1412 1870 1496 1917 lo-

130 2022 275 2063 socii&
320 2022 445 2063 D1on.
480 2031 559 2062 εις.
588 2020 663 2061 XI.
686 2031 751 2071 70.
796 2020 898 2062 Cum
938 2021 1198 2064 Athenienses
1230 2025 1423 2065 coloniam
1447 2024 1495 2065 ad

130 2084 323 2135 Sybaritas
340 2084 560 2129 mitterent,
580 2084 689 2122 multi
710 2083 770 2121 alii
791 2084 873 2122 eius
892 2085 1100 2133 participes
1120 2092 1243 2127 erant.
1275 2097 1392 2128 mon.
1406 2098 1493 2128 ste.

128 2146 223 2185 XII.
248 2157 308 2185 10.
362 2145 495 2184 Thurii
520 2144 719 2184 dissedisse
738 2144 942 2192 dicuntur,
966 2147 1076 2184 cuius
1103 2145 1344 2194 potisfimum
1361 2150 1497 2189 civita.

126 2208 174 2248 tis
189 2207 343 2247 colonia
356 2207 524 2256 ipsorum
544 2206 641 2246 esset
661 2201 819 2246 dicenda
832 2235 844 2252 ,
870 2216 993 2257 quum
1019 2217 1059 2247 et
1081 2209 1353 2258 Athenienses,
1370 2216 1409 2250 e't
1426 2211 1504 2251 Pe-

126 2266 343 2319 loponnefii
364 2268 397 2307 ei
422 2279 561 2307 nomen
582 2268 795 2315 dedissent,
821 2269 872 2307 ita
899 2269 1056 2318 quidem
1084 2282 1129 2310 ut
1151 2270 1236 2310 'hac
1264 2271 1313 2310 de
1343 2283 1386 2311 re
1415 2285 1500 2312 ora·

126 2332 258 2371 culum
292 2331 524 2380 Delphicum
566 2330 787 2369 consultum
827 2329 887 2369 fit.
935 2342 1051 2370 mon.
1087 2343 1163 2373 stc.
1199 2333 1294 2373 XII.
1326 2343 1388 2384 35.
1443 2334 1498 2373 Et

125 2392 382 2443 Antiphemus
410 2402 433 2430 e
466 2391 619 2432 Rhodo
652 2403 691 2432 et
724 2391 904 2433 Eutimus
937 2404 986 2432 ex
1021 2394 1139 2435 Creta
1158 2423 1172 2442 ,
1201 2396 1303 2435 suam
1333 2406 1498 2447 uterque

127 2455 323 2494 coloniam
366 2454 500 2494 Gelam
549 2454 766 2504 ducentes,
804 2457 1065 2497 communiter
1106 2469 1189 2498 eam
1219 2459 1489 2500 condiderunt.

127 2515 400 2558 Tnucvmnsss
426 2517 499 2557 v1.
525 2530 567 2567 4.

180 2576 309 2630 (2¹9)
339 2579 478 2626 ΡιΛτο
498 2578 543 2617 de
571 2578 754 2629 Legibus,
777 2581 841 2620 lib.
871 2580 951 2628 IV,
979 2592 1021 2631 p.
1040 2582 1129 2633 708.
1156 2581 1201 2622 ed
1232 2581 1393 2622 Serrani.
