<?xml version="1.0" encoding="UTF-8"?>
<!DOCTYPE html PUBLIC "-//W3C//DTD XHTML 1.0 Transitional//EN"
    "http://www.w3.org/TR/xhtml1/DTD/xhtml1-transitional.dtd">
<html xmlns="http://www.w3.org/1999/xhtml" xml:lang="en" lang="en">
 <head>
  <title>
</title>
<meta http-equiv="Content-Type" content="text/html;charset=utf-8" />
  <meta name='ocr-system' content='tesseract 3.04.00' />
  <meta name='ocr-capabilities' content='ocr_page ocr_carea ocr_par ocr_line ocrx_word'/>
</head>
<body>
  <div class='ocr_page' id='page_1' title='image "4737201_0184.png"; bbox 0 0 1787 3205; ppageno 0'>
   <div class='ocr_carea' id='block_1_1' title="bbox 235 183 1350 258">
    <p class='ocr_par' dir='ltr' id='par_1_1' title="bbox 235 183 1350 258">
     <span class='ocr_line' id='line_1_1' title="bbox 235 183 1350 258; baseline 0.003 -24"><span class='ocrx_word' id='word_1_1' title='bbox 235 187 328 235; x_wconf 76' lang='lat'><strong>166</strong></span> <span class='ocrx_word' id='word_1_2' title='bbox 488 186 584 235; x_wconf 83' lang='lat' dir='ltr'><strong>DE</strong></span> <span class='ocrx_word' id='word_1_3' title='bbox 607 183 964 234; x_wconf 70' lang='lat' dir='ltr'><strong>oOLoNus</strong></span> <span class='ocrx_word' id='word_1_4' title='bbox 983 184 1350 258; x_wconf 74' lang='lat' dir='ltr'>VETERUM.</span> 
     </span>
    </p>
   </div>
   <div class='ocr_carea' id='block_1_2' title="bbox 219 346 1671 2629">
    <p class='ocr_par' dir='ltr' id='par_1_2' title="bbox 219 346 1671 2565">
     <span class='ocr_line' id='line_1_2' title="bbox 232 346 1606 410; baseline 0.001 -17"><span class='ocrx_word' id='word_1_5' title='bbox 232 347 368 393; x_wconf 84' lang='lat' dir='ltr'><strong>rium</strong></span> <span class='ocrx_word' id='word_1_6' title='bbox 399 346 721 394; x_wconf 79' lang='lat' dir='ltr'><strong>adorirentur</strong></span> <span class='ocrx_word' id='word_1_7' title='bbox 751 353 910 409; x_wconf 42' lang='lat' dir='ltr'><strong>&#39;atque</strong></span> <span class='ocrx_word' id='word_1_8' title='bbox 936 346 1247 405; x_wconf 64' lang='lat' dir='ltr'><strong>infestarent.</strong></span> <span class='ocrx_word' id='word_1_9' title='bbox 1288 375 1290 377; x_wconf 95' lang='lat'>-</span> <span class='ocrx_word' id='word_1_10' title='bbox 1314 346 1450 395; x_wconf 65' lang='lat' dir='ltr'><strong>Hinc</strong></span> <span class='ocrx_word' id='word_1_11' title='bbox 1467 362 1606 410; x_wconf 81' lang='lat' dir='ltr'><strong>pro-</strong></span> 
     </span>
     <span class='ocr_line' id='line_1_3' title="bbox 224 413 1606 488; baseline 0.004 -20"><span class='ocrx_word' id='word_1_12' title='bbox 224 422 534 485; x_wconf 61' lang='lat' dir='ltr'><strong>pugnacula</strong></span> <span class='ocrx_word' id='word_1_13' title='bbox 558 413 729 487; x_wconf 64' lang='lat' dir='ltr'><strong>mag&#39;is</strong></span> <span class='ocrx_word' id='word_1_14' title='bbox 754 422 965 486; x_wconf 82' lang='lat' dir='ltr'><strong>imperii</strong></span> <span class='ocrx_word' id='word_1_15' title='bbox 984 422 1210 471; x_wconf 78' lang='lat' dir='ltr'><strong>Romani</strong></span> <span class='ocrx_word' id='word_1_16' title='bbox 1216 433 1395 488; x_wconf 64' lang='lat' dir='ltr'><strong>-q‘uam</strong></span> <span class='ocrx_word' id='word_1_17' title='bbox 1411 423 1606 488; x_wconf 80' lang='lat' dir='ltr'><strong>oppida</strong></span> 
     </span>
     <span class='ocr_line' id='line_1_4' title="bbox 231 496 1604 549; baseline 0.004 -5"><span class='ocrx_word' id='word_1_18' title='bbox 231 498 429 546; x_wconf 79' lang='lat' dir='ltr'><strong>Italiae</strong></span> <span class='ocrx_word' id='word_1_19' title='bbox 462 515 544 546; x_wconf 84' lang='lat' dir='ltr'><strong>eas</strong></span> <span class='ocrx_word' id='word_1_20' title='bbox 577 501 738 549; x_wconf 83' lang='lat' dir='ltr'><strong>videri</strong></span> <span class='ocrx_word' id='word_1_21' title='bbox 772 499 964 547; x_wconf 89' lang='lat' dir='ltr'><strong>dicebat</strong></span> <span class='ocrx_word' id='word_1_22' title='bbox 1010 496 1202 547; x_wconf 69' lang='lat' dir='ltr'><strong>Cicero.</strong></span> <span class='ocrx_word' id='word_1_23' title='bbox 1250 500 1472 549; x_wconf 80' lang='lat' dir='ltr'><strong>Romani</strong></span> <span class='ocrx_word' id='word_1_24' title='bbox 1504 516 1604 549; x_wconf 68' lang='lat' dir='ltr'><strong>au-</strong></span> 
     </span>
     <span class='ocr_line' id='line_1_5' title="bbox 229 576 1607 640; baseline 0.003 -17"><span class='ocrx_word' id='word_1_25' title='bbox 229 582 331 623; x_wconf 85' lang='lat' dir='ltr'><strong>tem</strong></span> <span class='ocrx_word' id='word_1_26' title='bbox 370 576 561 640; x_wconf 83' lang='lat' dir='ltr'>semper</span> <span class='ocrx_word' id='word_1_27' title='bbox 592 576 916 638; x_wconf 84' lang='lat' dir='ltr'><strong>studuerunt,</strong></span> <span class='ocrx_word' id='word_1_28' title='bbox 958 582 1027 625; x_wconf 62' lang='lat' dir='ltr'><strong>ut‘</strong></span> <span class='ocrx_word' id='word_1_29' title='bbox 1057 585 1253 626; x_wconf 77' lang='lat' dir='ltr'><strong>vaemm</strong></span> <span class='ocrx_word' id='word_1_30' title='bbox 1289 585 1340 627; x_wconf 89' lang='lat' dir='ltr'><strong>et</strong></span> <span class='ocrx_word' id='word_1_31' title='bbox 1381 578 1607 627; x_wconf 83' lang='lat' dir='ltr'><strong>firmisfi-</strong></span> 
     </span>
     <span class='ocr_line' id='line_1_6' title="bbox 227 654 1601 718; baseline 0.002 -17"><span class='ocrx_word' id='word_1_32' title='bbox 227 669 369 701; x_wconf 89' lang='lat' dir='ltr'><strong>mum</strong></span> <span class='ocrx_word' id='word_1_33' title='bbox 412 654 651 702; x_wconf 87' lang='lat' dir='ltr'><strong>haberent</strong></span> <span class='ocrx_word' id='word_1_34' title='bbox 696 655 993 718; x_wconf 87' lang='lat' dir='ltr'><strong>imperium:</strong></span> <span class='ocrx_word' id='word_1_35' title='bbox 1047 656 1179 718; x_wconf 89' lang='lat' dir='ltr'><strong>quod</strong></span> <span class='ocrx_word' id='word_1_36' title='bbox 1234 656 1601 718; x_wconf 70' lang='lat' dir='ltr'><strong>iit-haberent,</strong></span> 
     </span>
     <span class='ocr_line' id='line_1_7' title="bbox 226 731 1605 796; baseline 0.001 -18"><span class='ocrx_word' id='word_1_37' title='bbox 226 733 540 793; x_wconf 80' lang='lat' dir='ltr'><strong>summopere</strong></span> <span class='ocrx_word' id='word_1_38' title='bbox 584 733 775 795; x_wconf 83' lang='lat' dir='ltr'>semper</span> <span class='ocrx_word' id='word_1_39' title='bbox 806 731 1098 780; x_wconf 85' lang='lat' dir='ltr'><strong>studendum</strong></span> <span class='ocrx_word' id='word_1_40' title='bbox 1135 740 1274 795; x_wconf 82' lang='lat' dir='ltr'><strong>erat,</strong></span> <span class='ocrx_word' id='word_1_41' title='bbox 1320 741 1378 783; x_wconf 84' lang='lat' dir='ltr'><strong>ut</strong></span> <span class='ocrx_word' id='word_1_42' title='bbox 1404 733 1605 796; x_wconf 83' lang='lat' dir='ltr'><strong>imperii</strong></span> 
     </span>
     <span class='ocr_line' id='line_1_8' title="bbox 228 806 1605 871; baseline 0.002 -16"><span class='ocrx_word' id='word_1_43' title='bbox 228 806 351 856; x_wconf 88' lang='lat' dir='ltr'><strong>fines</strong></span> <span class='ocrx_word' id='word_1_44' title='bbox 388 807 451 855; x_wconf 90' lang='lat' dir='ltr'><strong>ab</strong></span> <span class='ocrx_word' id='word_1_45' title='bbox 487 810 707 858; x_wconf 77' lang='lat' dir='ltr'><strong>hostium</strong></span> <span class='ocrx_word' id='word_1_46' title='bbox 746 809 1112 858; x_wconf 84' lang='lat' dir='ltr'><strong>inourfionibus</strong></span> <span class='ocrx_word' id='word_1_47' title='bbox 1156 810 1316 859; x_wconf 75' lang='lat' dir='ltr'><strong>essent</strong></span> <span class='ocrx_word' id='word_1_48' title='bbox 1361 811 1494 871; x_wconf 48' lang='lat' dir='ltr'><strong>tuti‘3</strong></span> <span class='ocrx_word' id='word_1_49' title='bbox 1542 817 1605 858; x_wconf 89' lang='lat' dir='ltr'><strong>ut</strong></span> 
     </span>
     <span class='ocr_line' id='line_1_9' title="bbox 228 884 1604 955; baseline 0.003 -23"><span class='ocrx_word' id='word_1_50' title='bbox 228 886 323 933; x_wconf 85' lang='lat' dir='ltr'><strong>hoe</strong></span> <span class='ocrx_word' id='word_1_51' title='bbox 347 884 630 934; x_wconf 86' lang='lat' dir='ltr'><strong>efficeretur</strong></span> <span class='ocrx_word' id='word_1_52' title='bbox 646 921 661 947; x_wconf 92' lang='lat'>‚</span> <span class='ocrx_word' id='word_1_53' title='bbox 708 888 832 950; x_wconf 88' lang='lat' dir='ltr'><strong>quid</strong></span> <span class='ocrx_word' id='word_1_54' title='bbox 863 886 1044 935; x_wconf 88' lang='lat' dir='ltr'><strong>melius</strong></span> <span class='ocrx_word' id='word_1_55' title='bbox 1074 893 1126 935; x_wconf 83' lang='lat' dir='ltr'><strong>et</strong></span> <span class='ocrx_word' id='word_1_56' title='bbox 1148 886 1418 950; x_wconf 83' lang='lat' dir='ltr'><strong>effioacius,</strong></span> <span class='ocrx_word' id='word_1_57' title='bbox 1453 903 1604 955; x_wconf 75' lang='lat' dir='ltr'><strong>quam</strong></span> 
     </span>
     <span class='ocr_line' id='line_1_10' title="bbox 230 963 1606 1028; baseline 0.001 -17"><span class='ocrx_word' id='word_1_58' title='bbox 230 963 454 1011; x_wconf 83' lang='lat' dir='ltr'><strong>colonias</strong></span> <span class='ocrx_word' id='word_1_59' title='bbox 491 964 546 1012; x_wconf 91' lang='lat' dir='ltr'><strong>in</strong></span> <span class='ocrx_word' id='word_1_60' title='bbox 586 964 719 1012; x_wconf 83' lang='lat' dir='ltr'><strong>hisce</strong></span> <span class='ocrx_word' id='word_1_61' title='bbox 755 963 940 1011; x_wconf 86' lang='lat' dir='ltr'><strong>finibus</strong></span> <span class='ocrx_word' id='word_1_62' title='bbox 976 964 1188 1012; x_wconf 87' lang='lat' dir='ltr'><strong>condere</strong></span> <span class='ocrx_word' id='word_1_63' title='bbox 1202 999 1218 1026; x_wconf 89' lang='lat'>,</span> <span class='ocrx_word' id='word_1_64' title='bbox 1247 981 1606 1028; x_wconf 47' lang='lat' dir='ltr'><strong>umquamssex-</strong></span> 
     </span>
     <span class='ocr_line' id='line_1_11' title="bbox 228 1040 1602 1103; baseline 0.001 -17"><span class='ocrx_word' id='word_1_65' title='bbox 228 1041 437 1103; x_wconf 85' lang='lat' dir='ltr'><strong>cogitari</strong></span> <span class='ocrx_word' id='word_1_66' title='bbox 477 1041 643 1102; x_wconf 87' lang='lat' dir='ltr'><strong>potuit</strong></span> <span class='ocrx_word' id='word_1_67' title='bbox 656 1042 679 1088; x_wconf 66' lang='grc' dir='ltr'><strong>’ἶ</strong></span> <span class='ocrx_word' id='word_1_68' title='bbox 747 1040 991 1103; x_wconf 82' lang='lat' dir='ltr'><strong>Exemplo</strong></span> <span class='ocrx_word' id='word_1_69' title='bbox 1037 1042 1096 1088; x_wconf 85' lang='lat' dir='ltr'><strong>fit</strong></span> <span class='ocrx_word' id='word_1_70' title='bbox 1126 1041 1303 1088; x_wconf 31' lang='lat' dir='ltr'><strong>&#39;Narbo</strong></span> <span class='ocrx_word' id='word_1_71' title='bbox 1342 1041 1569 1088; x_wconf 74' lang='lat' dir='ltr'><strong>Marcius</strong></span> <span class='ocrx_word' id='word_1_72' title='bbox 1585 1075 1602 1103; x_wconf 90' lang='lat'>,</span> 
     </span>
     <span class='ocr_line' id='line_1_12' title="bbox 230 1117 1602 1181; baseline 0.001 -18"><span class='ocrx_word' id='word_1_73' title='bbox 230 1117 430 1179; x_wconf 84' lang='lat' dir='ltr'><strong>specula</strong></span> <span class='ocrx_word' id='word_1_74' title='bbox 457 1118 543 1163; x_wconf 86' lang='lat' dir='ltr'><strong>illa</strong></span> <span class='ocrx_word' id='word_1_75' title='bbox 568 1118 645 1179; x_wconf 89' lang='lat' dir='ltr'><strong>(ut</strong></span> <span class='ocrx_word' id='word_1_76' title='bbox 669 1134 777 1165; x_wconf 83' lang='lat' dir='ltr'><strong>eam</strong></span> <span class='ocrx_word' id='word_1_77' title='bbox 808 1118 1027 1179; x_wconf 78' lang='lat' dir='ltr'><strong>appellat</strong></span> <span class='ocrx_word' id='word_1_78' title='bbox 1057 1118 1249 1181; x_wconf 81' lang='lat' dir='ltr'><strong>Cicero)</strong></span> <span class='ocrx_word' id='word_1_79' title='bbox 1278 1118 1461 1179; x_wconf 87' lang='lat' dir='ltr'><strong>populi</strong></span> <span class='ocrx_word' id='word_1_80' title='bbox 1489 1118 1602 1165; x_wconf 79' lang='lat' dir='ltr'><strong>Ro-</strong></span> 
     </span>
     <span class='ocr_line' id='line_1_13' title="bbox 226 1193 1606 1259; baseline 0 -17"><span class='ocrx_word' id='word_1_81' title='bbox 226 1194 398 1255; x_wconf 81' lang='lat' dir='ltr'><strong>mani,</strong></span> <span class='ocrx_word' id='word_1_82' title='bbox 432 1200 483 1241; x_wconf 88' lang='lat' dir='ltr'><strong>et</strong></span> <span class='ocrx_word' id='word_1_83' title='bbox 505 1194 945 1259; x_wconf 83' lang='lat' dir='ltr'><strong>propugnaculum</strong></span> <span class='ocrx_word' id='word_1_84' title='bbox 966 1193 1132 1243; x_wconf 82' lang='lat' dir='ltr'><strong>Gallis</strong></span> <span class='ocrx_word' id='word_1_85' title='bbox 1182 1194 1478 1259; x_wconf 76' lang='lat' dir='ltr'><strong>oppositum</strong></span> <span class='ocrx_word' id='word_1_86' title='bbox 1513 1198 1606 1243; x_wconf 69' lang='lat' dir='ltr'><strong>at·-</strong></span> 
     </span>
     <span class='ocr_line' id='line_1_14' title="bbox 225 1271 1599 1335; baseline 0.001 -16"><span class='ocrx_word' id='word_1_87' title='bbox 225 1288 324 1334; x_wconf 86' lang='lat' dir='ltr'><strong>que</strong></span> <span class='ocrx_word' id='word_1_88' title='bbox 366 1271 629 1318; x_wconf 91' lang='lat' dir='ltr'><strong>obiectum.</strong></span> <span class='ocrx_word' id='word_1_89' title='bbox 716 1272 861 1319; x_wconf 83' lang='lat' dir='ltr'><strong>Haeo</strong></span> <span class='ocrx_word' id='word_1_90' title='bbox 909 1272 1153 1319; x_wconf 84' lang='lat' dir='ltr'><strong>Romanis</strong></span> <span class='ocrx_word' id='word_1_91' title='bbox 1200 1289 1261 1320; x_wconf 93' lang='lat' dir='ltr'><strong>eo</strong></span> <span class='ocrx_word' id='word_1_92' title='bbox 1310 1273 1599 1335; x_wconf 82' lang='lat' dir='ltr'><strong>praesertim</strong></span> 
     </span>
     <span class='ocr_line' id='line_1_15' title="bbox 225 1347 1597 1412; baseline 0.001 -17"><span class='ocrx_word' id='word_1_93' title='bbox 225 1347 421 1412; x_wconf 80' lang='lat' dir='ltr'><strong>profuit</strong></span> <span class='ocrx_word' id='word_1_94' title='bbox 438 1383 454 1410; x_wconf 89' lang='lat'>‚</span> <span class='ocrx_word' id='word_1_95' title='bbox 506 1350 641 1411; x_wconf 91' lang='lat' dir='ltr'><strong>quod</strong></span> <span class='ocrx_word' id='word_1_96' title='bbox 677 1366 759 1397; x_wconf 87' lang='lat' dir='ltr'><strong>eos</strong></span> <span class='ocrx_word' id='word_1_97' title='bbox 798 1348 861 1396; x_wconf 86' lang='lat' dir='ltr'><strong>ab</strong></span> <span class='ocrx_word' id='word_1_98' title='bbox 899 1348 1267 1397; x_wconf 82' lang='lat' dir='ltr'><strong>-incurfionibus</strong></span> <span class='ocrx_word' id='word_1_99' title='bbox 1297 1349 1563 1397; x_wconf 65' lang='lat' dir='ltr'><strong>Gallorum</strong></span> <span class='ocrx_word' id='word_1_100' title='bbox 1580 1383 1597 1411; x_wconf 88' lang='lat'>,</span> 
     </span>
     <span class='ocr_line' id='line_1_16' title="bbox 223 1424 1600 1489; baseline 0.001 -18"><span class='ocrx_word' id='word_1_101' title='bbox 223 1424 654 1473; x_wconf 81' lang='lat' dir='ltr'><strong>infestisfimorum</strong></span> <span class='ocrx_word' id='word_1_102' title='bbox 684 1427 899 1473; x_wconf 88' lang='lat' dir='ltr'><strong>istorum</strong></span> <span class='ocrx_word' id='word_1_103' title='bbox 939 1426 1155 1472; x_wconf 84' lang='lat' dir='ltr'><strong>Romani</strong></span> <span class='ocrx_word' id='word_1_104' title='bbox 1196 1428 1398 1489; x_wconf 87' lang='lat' dir='ltr'><strong>imperii</strong></span> <span class='ocrx_word' id='word_1_105' title='bbox 1433 1427 1600 1473; x_wconf 74' lang='lat' dir='ltr'><strong>hosti-</strong></span> 
     </span>
     <span class='ocr_line' id='line_1_17' title="bbox 225 1502 1598 1566; baseline -0.001 -17"><span class='ocrx_word' id='word_1_106' title='bbox 225 1519 314 1549; x_wconf 91' lang='lat' dir='ltr'><strong>um</strong></span> <span class='ocrx_word' id='word_1_107' title='bbox 334 1537 349 1563; x_wconf 91' lang='lat'><strong>,</strong></span> <span class='ocrx_word' id='word_1_108' title='bbox 394 1503 644 1551; x_wconf 84' lang='lat' dir='ltr'><strong>liberaret.</strong></span> <span class='ocrx_word' id='word_1_109' title='bbox 715 1502 1006 1566; x_wconf 82' lang='lat' dir='ltr'><strong>Numquam</strong></span> <span class='ocrx_word' id='word_1_110' title='bbox 1051 1503 1277 1565; x_wconf 85' lang='lat' dir='ltr'><strong>profecto</strong></span> <span class='ocrx_word' id='word_1_111' title='bbox 1310 1502 1598 1548; x_wconf 85' lang='lat' dir='ltr'><strong>Romanum</strong></span> 
     </span>
     <span class='ocr_line' id='line_1_18' title="bbox 224 1576 1599 1641; baseline -0.001 -15"><span class='ocrx_word' id='word_1_112' title='bbox 224 1580 499 1641; x_wconf 84' lang='lat' dir='ltr'><strong>imperium</strong></span> <span class='ocrx_word' id='word_1_113' title='bbox 526 1576 605 1626; x_wconf 79' lang='lat' dir='ltr'><strong>tdt</strong></span> <span class='ocrx_word' id='word_1_114' title='bbox 635 1580 808 1626; x_wconf 77' lang='lat' dir='ltr'><strong>fuisflet</strong></span> <span class='ocrx_word' id='word_1_115' title='bbox 837 1581 1122 1641; x_wconf 83' lang='lat' dir='ltr'><strong>amplexum</strong></span> <span class='ocrx_word' id='word_1_116' title='bbox 1147 1579 1372 1641; x_wconf 80' lang='lat' dir='ltr'><strong>regiones</strong></span> <span class='ocrx_word' id='word_1_117' title='bbox 1388 1612 1404 1639; x_wconf 85' lang='lat'><strong><em>,</em></strong></span> <span class='ocrx_word' id='word_1_118' title='bbox 1435 1593 1599 1639; x_wconf 85' lang='lat' dir='ltr'><strong>neque</strong></span> 
     </span>
     <span class='ocr_line' id='line_1_19' title="bbox 224 1656 1599 1719; baseline -0.001 -15"><span class='ocrx_word' id='word_1_119' title='bbox 224 1657 445 1704; x_wconf 89' lang='lat' dir='ltr'><strong>Romani</strong></span> <span class='ocrx_word' id='word_1_120' title='bbox 491 1663 567 1703; x_wconf 87' lang='lat' dir='ltr'><strong>tot</strong></span> <span class='ocrx_word' id='word_1_121' title='bbox 610 1657 847 1719; x_wconf 73' lang='lat' dir='ltr'><strong>populos·</strong></span> <span class='ocrx_word' id='word_1_122' title='bbox 870 1657 1058 1718; x_wconf 80' lang='lat' dir='ltr'><strong>legibus</strong></span> <span class='ocrx_word' id='word_1_123' title='bbox 1098 1656 1199 1703; x_wconf 84' lang='lat' dir='ltr'><strong>suis</strong></span> <span class='ocrx_word' id='word_1_124' title='bbox 1233 1662 1471 1718; x_wconf 61' lang='lat' dir='ltr'><strong>‘parentes</strong></span> <span class='ocrx_word' id='word_1_125' title='bbox 1496 1656 1599 1703; x_wconf 41' lang='lat' dir='ltr'><strong>“ha-</strong></span> 
     </span>
     <span class='ocr_line' id='line_1_20' title="bbox 224 1731 1600 1795; baseline 0 -15"><span class='ocrx_word' id='word_1_126' title='bbox 224 1734 473 1793; x_wconf 83' lang='lat' dir='ltr'><strong>buissent,</strong></span> <span class='ocrx_word' id='word_1_127' title='bbox 525 1733 616 1779; x_wconf 85' lang='lat' dir='ltr'><strong>nifi</strong></span> <span class='ocrx_word' id='word_1_128' title='bbox 650 1748 680 1779; x_wconf 86' lang='lat' dir='ltr'><strong>a</strong></span> <span class='ocrx_word' id='word_1_129' title='bbox 707 1733 956 1794; x_wconf 86' lang='lat' dir='ltr'><strong>principio</strong></span> <span class='ocrx_word' id='word_1_130' title='bbox 1003 1733 1199 1795; x_wconf 88' lang='lat' dir='ltr'><strong>imperii</strong></span> <span class='ocrx_word' id='word_1_131' title='bbox 1251 1731 1386 1780; x_wconf 61' lang='lat' dir='ltr'><strong>fines*</strong></span> <span class='ocrx_word' id='word_1_132' title='bbox 1423 1741 1600 1781; x_wconf 80' lang='lat' dir='ltr'><strong>contra</strong></span> 
     </span>
     <span class='ocr_line' id='line_1_21' title="bbox 221 1808 1595 1872; baseline -0.001 -14"><span class='ocrx_word' id='word_1_133' title='bbox 221 1812 444 1859; x_wconf 82' lang='lat' dir='ltr'><strong>hostium</strong></span> <span class='ocrx_word' id='word_1_134' title='bbox 471 1809 777 1856; x_wconf 72' lang='lat' dir='ltr'><strong>incursiones</strong></span> <span class='ocrx_word' id='word_1_135' title='bbox 806 1810 1116 1857; x_wconf 83' lang='lat' dir='ltr'><strong>muniissent.</strong></span> <span class='ocrx_word' id='word_1_136' title='bbox 1187 1808 1338 1856; x_wconf 65' lang='lat' dir='ltr'><strong>Adeo&#39;</strong></span> <span class='ocrx_word' id='word_1_137' title='bbox 1361 1810 1559 1872; x_wconf 88' lang='lat' dir='ltr'><strong>quidem</strong></span> <span class='ocrx_word' id='word_1_138' title='bbox 1578 1846 1595 1872; x_wconf 91' lang='lat'>‚</span> 
     </span>
     <span class='ocr_line' id='line_1_22' title="bbox 226 1885 1596 1949; baseline 0 -14"><span class='ocrx_word' id='word_1_139' title='bbox 226 1897 281 1936; x_wconf 90' lang='lat' dir='ltr'><strong>ut</strong></span> <span class='ocrx_word' id='word_1_140' title='bbox 305 1889 451 1935; x_wconf 86' lang='lat' dir='ltr'><strong>etiam</strong></span> <span class='ocrx_word' id='word_1_141' title='bbox 483 1888 576 1935; x_wconf 85' lang='lat' dir='ltr'><strong>hac</strong></span> <span class='ocrx_word' id='word_1_142' title='bbox 605 1888 655 1933; x_wconf 89' lang='lat' dir='ltr'><strong>in</strong></span> <span class='ocrx_word' id='word_1_143' title='bbox 686 1894 831 1949; x_wconf 87' lang='lat' dir='ltr'><strong>parte</strong></span> <span class='ocrx_word' id='word_1_144' title='bbox 853 1887 1087 1934; x_wconf 81' lang='lat' dir='ltr'><strong>coloniae</strong></span> <span class='ocrx_word' id='word_1_145' title='bbox 1121 1885 1463 1934; x_wconf 86' lang='lat' dir='ltr'><strong>Romanorum</strong></span> <span class='ocrx_word' id='word_1_146' title='bbox 1492 1905 1596 1936; x_wconf 90' lang='lat' dir='ltr'><strong>non</strong></span> 
     </span>
     <span class='ocr_line' id='line_1_23' title="bbox 220 1964 1597 2028; baseline 0 -16"><span class='ocrx_word' id='word_1_147' title='bbox 220 1982 381 2028; x_wconf 88' lang='lat' dir='ltr'><strong>pauca</strong></span> <span class='ocrx_word' id='word_1_148' title='bbox 438 1965 739 2011; x_wconf 87' lang='lat' dir='ltr'><strong>contulerint</strong></span> <span class='ocrx_word' id='word_1_149' title='bbox 799 1965 860 2010; x_wconf 88' lang='lat' dir='ltr'><strong>ad</strong></span> <span class='ocrx_word' id='word_1_150' title='bbox 920 1980 1024 2010; x_wconf 85' lang='lat' dir='ltr'><strong>rem</strong></span> <span class='ocrx_word' id='word_1_151' title='bbox 1068 1964 1345 2012; x_wconf 83' lang='lat' dir='ltr'><strong>Romanam</strong></span> <span class='ocrx_word' id='word_1_152' title='bbox 1395 1981 1597 2027; x_wconf 81' lang='lat' dir='ltr'><strong>augen-</strong></span> 
     </span>
     <span class='ocr_line' id='line_1_24' title="bbox 220 2040 1597 2104; baseline -0.001 -15"><span class='ocrx_word' id='word_1_153' title='bbox 220 2044 333 2090; x_wconf 89' lang='lat' dir='ltr'><strong>dam</strong></span> <span class='ocrx_word' id='word_1_154' title='bbox 378 2057 587 2104; x_wconf 90' lang='lat' dir='ltr'><strong>eamque</strong></span> <span class='ocrx_word' id='word_1_155' title='bbox 634 2041 695 2087; x_wconf 89' lang='lat' dir='ltr'><strong>ad</strong></span> <span class='ocrx_word' id='word_1_156' title='bbox 753 2042 1018 2088; x_wconf 80' lang='lat' dir='ltr'><strong>maximam</strong></span> <span class='ocrx_word' id='word_1_157' title='bbox 1077 2040 1457 2104; x_wconf 82' lang='lat' dir='ltr'><strong>amplitudinem</strong></span> <span class='ocrx_word' id='word_1_158' title='bbox 1504 2057 1597 2088; x_wconf 86' lang='lat' dir='ltr'><strong>ex-</strong></span> 
     </span>
     <span class='ocr_line' id='line_1_25' title="bbox 219 2118 1596 2179; baseline 0.001 -14"><span class='ocrx_word' id='word_1_159' title='bbox 219 2120 506 2166; x_wconf 86' lang='lat' dir='ltr'><strong>tollendam.</strong></span> <span class='ocrx_word' id='word_1_160' title='bbox 581 2118 769 2179; x_wconf 85' lang='lat' dir='ltr'><strong>Sagatis</strong></span> <span class='ocrx_word' id='word_1_161' title='bbox 815 2125 982 2165; x_wconf 86' lang='lat' dir='ltr'><strong>autem</strong></span> <span class='ocrx_word' id='word_1_162' title='bbox 1038 2119 1246 2165; x_wconf 86' lang='lat' dir='ltr'><strong>coloniis</strong></span> <span class='ocrx_word' id='word_1_163' title='bbox 1299 2119 1596 2166; x_wconf 73' lang='lat' dir='ltr'><strong>deducendis</strong></span> 
     </span>
     <span class='ocr_line' id='line_1_26' title="bbox 222 2194 1595 2257; baseline -0.001 -13"><span class='ocrx_word' id='word_1_164' title='bbox 222 2195 346 2244; x_wconf 87' lang='lat' dir='ltr'><strong>urbs</strong></span> <span class='ocrx_word' id='word_1_165' title='bbox 378 2194 636 2245; x_wconf 80' lang='lat' dir='ltr'><strong>levabatur</strong></span> <span class='ocrx_word' id='word_1_166' title='bbox 663 2210 841 2257; x_wconf 87' lang='lat' dir='ltr'><strong>magno</strong></span> <span class='ocrx_word' id='word_1_167' title='bbox 872 2195 1094 2243; x_wconf 89' lang='lat' dir='ltr'><strong>militum</strong></span> <span class='ocrx_word' id='word_1_168' title='bbox 1127 2194 1460 2243; x_wconf 85' lang='lat' dir='ltr'><strong>seditiosorum</strong></span> <span class='ocrx_word' id='word_1_169' title='bbox 1488 2211 1595 2243; x_wconf 87' lang='lat' dir='ltr'><strong>nu-</strong></span> 
     </span>
     <span class='ocr_line' id='line_1_27' title="bbox 221 2271 1594 2335; baseline -0.001 -16"><span class='ocrx_word' id='word_1_170' title='bbox 221 2288 360 2319; x_wconf 87' lang='lat' dir='ltr'><strong>mero</strong></span> <span class='ocrx_word' id='word_1_171' title='bbox 376 2307 392 2332; x_wconf 90' lang='lat'><em>‚</em></span> <span class='ocrx_word' id='word_1_172' title='bbox 438 2272 553 2335; x_wconf 89' lang='lat' dir='ltr'><strong>qui,</strong></span> <span class='ocrx_word' id='word_1_173' title='bbox 600 2272 952 2334; x_wconf 84' lang='lat' dir='ltr'><strong>tranquillitati</strong></span> <span class='ocrx_word' id='word_1_174' title='bbox 979 2271 1207 2333; x_wconf 80' lang='lat' dir='ltr'><strong>publicae</strong></span> <span class='ocrx_word' id='word_1_175' title='bbox 1231 2273 1394 2319; x_wconf 80' lang='lat' dir='ltr'><strong>hostes</strong></span> <span class='ocrx_word' id='word_1_176' title='bbox 1422 2273 1594 2318; x_wconf 79' lang='lat' dir='ltr'><strong>ini-mi-</strong></span> 
     </span>
     <span class='ocr_line' id='line_1_28' title="bbox 224 2348 1648 2412; baseline 0.001 -15"><span class='ocrx_word' id='word_1_177' title='bbox 224 2350 436 2409; x_wconf 86' lang='lat' dir='ltr'><strong>cisfimi‚</strong></span> <span class='ocrx_word' id='word_1_178' title='bbox 488 2349 764 2398; x_wconf 86' lang='lat' dir='ltr'><strong>factionum</strong></span> <span class='ocrx_word' id='word_1_179' title='bbox 812 2348 1133 2411; x_wconf 85' lang='lat' dir='ltr'><strong>principibus</strong></span> <span class='ocrx_word' id='word_1_180' title='bbox 1190 2349 1250 2397; x_wconf 93' lang='lat' dir='ltr'><strong>de</strong></span> <span class='ocrx_word' id='word_1_181' title='bbox 1305 2349 1592 2412; x_wconf 86' lang='lat' dir='ltr'><strong>principatu</strong></span> <span class='ocrx_word' id='word_1_182' title='bbox 1645 2380 1648 2384; x_wconf 38' lang='lat'><strong>⁴</strong></span> 
     </span>
     <span class='ocr_line' id='line_1_29' title="bbox 223 2424 1594 2484; baseline 0.001 -12"><span class='ocrx_word' id='word_1_183' title='bbox 223 2427 354 2473; x_wconf 88' lang='lat' dir='ltr'><strong>inter</strong></span> <span class='ocrx_word' id='word_1_184' title='bbox 394 2425 440 2471; x_wconf 89' lang='lat' dir='ltr'><strong>se</strong></span> <span class='ocrx_word' id='word_1_185' title='bbox 494 2424 798 2473; x_wconf 85' lang='lat' dir='ltr'><strong>certantibus</strong></span> <span class='ocrx_word' id='word_1_186' title='bbox 819 2459 834 2484; x_wconf 91' lang='lat'>,</span> <span class='ocrx_word' id='word_1_187' title='bbox 887 2431 938 2470; x_wconf 88' lang='lat' dir='ltr'><strong>et</strong></span> <span class='ocrx_word' id='word_1_188' title='bbox 992 2431 1146 2472; x_wconf 86' lang='lat' dir='ltr'><strong>totam</strong></span> <span class='ocrx_word' id='word_1_189' title='bbox 1189 2426 1436 2474; x_wconf 83' lang='lat' dir='ltr'><strong>civitatem</strong></span> <span class='ocrx_word' id='word_1_190' title='bbox 1479 2441 1594 2473; x_wconf 91' lang='lat' dir='ltr'><strong>mo-</strong></span> 
     </span>
     <span class='ocr_line' id='line_1_30' title="bbox 223 2501 1671 2565; baseline 0.001 -14"><span class='ocrx_word' id='word_1_191' title='bbox 223 2503 487 2563; x_wconf 87' lang='lat' dir='ltr'><strong>ventibus,</strong></span> <span class='ocrx_word' id='word_1_192' title='bbox 525 2502 706 2564; x_wconf 88' lang='lat' dir='ltr'><strong>quibus</strong></span> <span class='ocrx_word' id='word_1_193' title='bbox 738 2503 784 2548; x_wconf 85' lang='lat' dir='ltr'><strong>se</strong></span> <span class='ocrx_word' id='word_1_194' title='bbox 826 2501 1190 2563; x_wconf 85' lang='lat' dir='ltr'><strong>adiungebant‚</strong></span> <span class='ocrx_word' id='word_1_195' title='bbox 1240 2515 1473 2565; x_wconf 63' lang='lat' dir='ltr'><strong>magnum,</strong></span> <span class='ocrx_word' id='word_1_196' title='bbox 1507 2507 1590 2552; x_wconf 86' lang='lat' dir='ltr'><strong>vi·</strong></span> <span class='ocrx_word' id='word_1_197' title='bbox 1667 2554 1671 2555; x_wconf 17' lang='lat'><em>⁷</em></span> 
     </span>
    </p>

    <p class='ocr_par' dir='ltr' id='par_1_3' title="bbox 1519 2599 1595 2629">
     <span class='ocr_line' id='line_1_31' title="bbox 1519 2599 1595 2629; baseline 0 0"><span class='ocrx_word' id='word_1_198' title='bbox 1519 2599 1595 2629; x_wconf 82' lang='lat' dir='ltr'><strong>n-</strong></span> 
     </span>
    </p>
   </div>
   <div class='ocr_carea' id='block_1_3' title="bbox 0 3120 1787 3205">
    <p class='ocr_par' dir='ltr' id='par_1_4' title="bbox 0 3120 1787 3205">
     <span class='ocr_line' id='line_1_32' title="bbox 0 3120 1787 3205; baseline 0 0"><span class='ocrx_word' id='word_1_199' title='bbox 0 3120 1787 3205; x_wconf 95' lang='lat' dir='ltr'><strong> </strong></span> 
     </span>
    </p>
   </div>
  </div>
 </body>
</html>
