1787 3205
192 243 254 274 10
448 223 547 273 DE
581 220 909 272 COLONIIS
945 222 1314 275 VETERUM.

193 395 260 433 ne
294 381 393 430 iis
410 384 606 430 omnia
608 390 795 432 cetera
810 384 877 432 ad-
893 365 1233 442 mercaturam
1265 385 1566 449 pertinentia

192 477 323 511 vana
352 460 461 507 fore
496 468 662 524 atque
679 457 879 510 inania.
941 461 1071 509 Ηοο
1087 460 1257 509 enim
1265 463 1569 528 intelligitur

193 546 320 587 tum
337 554 421 587 ex
431 547 657 589 veterum
683 540 987 603 -sor‘iptorum
1024 541 1350 603 testimoniis,
1384 550 1501 612 tum
1515 543 1570 590 in

193 619 382 681 primis
392 634 455 666 ex
468 617 756 680 regionibus
764 628 784 678 ·,1'
794 619 856 664 ·'in
871 618 1054 680 quibus
1077 618 1300 667 coloniae
1312 576 1429 671 illae
1441 636 1571 667 eon·-

194 696 326 743 ditae
361 694 561 743 fuerant
581 728 596 755 ,
623 700 685 741 et·
699 707 763 741 ex
794 695 874 743 via
889 726 904 755 ,
942 701 1093 758 quam
1113 695 1392 743 Phoenices
1424 697 1574 747 navi-

196 773 384 838 gando
396 773 555 820 secuti
593 773 740 821 sunt.
762 800 836 809 —-
832 772 1120 821 Coloniae
1114 774 1298 828 enim--
1292 774 1382 820 in
1396 774 1576 861 primis

197 850 556 898 condiderunt
544 883 561 911 ,
608 850 678 895 in
696 848 984 912 regionibus
1030 851 1099 896 iis
1135 847 1359 936 populis
1357 850 1573 912 vicinis,

200 919 508 1001 'quibuscum
554 928 849 974 commercia
887 927 1199 977 exercebant.
1231 952 1298 964 --·
1308 928 1409 975 Ita
1446 936 1579 975 tem-

199 998 412 1071 poribus
430 1040 445 1068 ,
481 998 669 1069 quibus
691 1021 807 1052 cum
828 1004 1055 1053 Graecis
1068 1012 1399 1054 mercaturam
1431 1022 1580 1054 exer-

202 1085 413 1145 cebant,
448 1084 503 1130 in
545 1084 719 1130 insulis
764 1084 915 1130 maris
944 1082 1124 1146 Aegaei
1144 1091 1198 1130 et
1225 1085 1297 1130 ad
1311 1092 1581 1146 utramque

201 1163 318 1211 eius
328 1167 477 1208 oram
503 1161 722 1216 colonias
748 1160 1051 1209 habuerunt.
1077 1203 1083 1211 ,
1122 1161 1329 1209 Praeter
1356 1163 1581 1225 Cyprum

200 1230 367 1300 enim,
409 1239 675 1298 Rhodum,
712 1238 916 1285 Cretam
954 1238 1174 1301 aliasque
1206 1240 1400 1286 'insulas
1416 1273 1432 1299 ,
1479 1239 1585 1300 Cy-

204 1318 367 1365 clades
386 1350 401 1375 ,
434 1315 636 1374 Samos,
669 1314 817 1361 Chios
835 1350 850 1374 ,
881 1315 1087 1361 Euboea
1105 1350 1121 1376 ,
1156 1315 1377 1376 Lesbos,
1415 1315 1585 1362 Tene-

205 1397 292 1442 dos
308 1428 324 1454 ,
352 1392 546 1439 Thasius
562 1426 577 1452 ,
606 1391 802 1452 Cilicia,
830 1391 1044 1453 Pi-fidia,
1074 1392 1394 1454 Solymorum
1420 1393 1582 1456 regin,

208 1473 359 1520 Caria
368 1477 393 1531 J,
427 1469 667 1531 Bithynia
683 1504 698 1530 ,
741 1467 1110 1531 Paphlagonia,
1142 1470 1359 1517 Thracia
1377 1505 1392 1531 ,
1427 1470 1586 1516 Boeo-

208 1552 310 1612 tia,
344 1548 547 1599 diverfis
586 1546 897 1609 temporibus
940 1562 971 1592 a
1015 1547 1587 1594 Phoenicibus‘volonos

208 1634 515 1692 acceperunt
562 1626 698 1687 (22)3
736 1624 826 1687 qui
865 1623 984 1670 illuc
1029 1632 1174 1671 erant
1204 1623 1369 1672 allecti
1394 1640 1593 1686 oppor—

210 1708 428 1755 tunitate
464 1705 703 1750 locorum»
726 1710 776 1748 et
810 1716 1043 1763 agrorum
1075 1697 1334 1748 fertilitate
1369 1702 1592 1749 divitiis-

212 1800 342 1848 que,
378 1798 442 1829 ex
466 1779 652 1843 quibus
694 1779 825 1840 ipsos
866 1778 1136 1825 Phoenices
1165 1778 1383 1825 multum
1412 1794 1591 1839 perce-

209 1862 341 1925 pisse
380 1859 542 1917 lucri,
573 1856 708 1902 infra
734 1853 1028 1903 videbimus.
1096 1854 1256 1901 Simul
1288 1862 1443 1917 atque
1470 1870 1591 1903 vero

215 1938 403 1986 Graeci
442 1935 651 1983 maiores
693 1933 823 1981 vires
871 1934 1113 1994 cepissent
1130 1965 1145 1993 ,
1191 1939 1342 1994 atque
1369 1932 1593 1981 civitates

215 2014 566 2064 informasfent
586 2046 601 2071 ,
639 2026 744 2057 non
774 2016 977 2056 tantum
1005 2009 1130 2056 bene
1158 2010 1483 2070 constitutas,
1514 2009 1595 2056 sed

217 2095 367 2144 etiam
408 2093 470 2140 ad
514 2091 897 2153 peregrinorum
937 2089 1154 2150 impetus
1197 2097 1248 2135 et
1288 2088 1595 2135 incursiones

218 2172 455 2220 arcendas
473 2205 487 2231 ,
514 2170 713 2215 idoneas
729 2202 744 2227 ,
772 2182 884 2213 oras
911 2166 1021 2212 illas
1047 2165 1397 2228 relinquebant
1425 2164 1598 2212 Phoe—

220 2252 357 2300 nices
376 2284 391 2310 ,
439 2248 653 2294 aliarum
693 2245 951 2307 regionum
1010 2243 1253 2293 fructibus
1313 2243 1598 2307 colligendis

223 2343 426 2393 operam
461 2324 645 2372 daturi.
1490 2317 1600 2366 Na-

283 2517 387 2571 (22)
418 2518 480 2558 De
511 2518 570 2556 his
602 2528 640 2557 et
662 2517 853 2558 nonnullis
881 2516 961 2555 aliis
984 2515 1069 2555 vide
1097 2523 1382 2558 εοειιιιιιιυινι,
1406 2511 1479 2551 1.1.
1504 2519 1599 2551 tom.

232 2581 287 2621 11.
312 2590 406 2630 ·pag.
437 2589 505 2628 351
544 2580 625 2628 seq.
