1787 3205
253 217 315 268 γε
504 199 601 257 DE
636 172 1377 262 coLoN11s'vETEaUM.-

255 364 455 413 consilia
468 399 484 427 ,
524 374 631 416 tum
661 384 757 432 pro
798 371 948 420 varia·
981 371 1177 422 civitate
1194 405 1211 433 ,
1226 402 1235 405 a
1259 387 1291 419 a
1328 385 1429 435 qua
1465 367 1618 418 emis-

252 441 341 489 sae>
354 449 464 491 tum
476 459 586 509 ,pro
616 447 854 496 varietate
875 448 1099 498 locorum
1115 482 1132 511 ,
1156 449 1216 496 in‘
1236 462 1361 513 quos
1383 447 1618 496 deductae

251 527 415 569 erant.
544 532 546 534 ’
734 536 743 547 ·’
1485 559 1488 564 .

318 596 561 664 Antiquis
617 609 667 650 et
722 602 1085 651 recentioribus
1128 600 1436 664 temporibus
1492 614 1622 665 genq

248 680 326 722 tes
343 708 360 735 ,
392 691 605 738 quarum
633 677 836 725 ditionis
861 678 1044 726 limites
1069 678 1292 726 nondum
1316 678 1430 725 satis
1460 677 1619 724 essent

249 749 478 800 instructi
524 754 758 803 adversus
792 753 1122 804 barbarorum
1165 761 1255 802 aut
1288 753 1510 812 hostium
1529 752 1619 798 in-

249 828 501 877 cursiones
518 863 536 892 ,
586 831 665 879 his
707 831 899 896 saepius
929 833 1137 880 fuerunt
1178 829 1399 894 expofiti.
1467 826 1619 876 Tales

250 911 418 953 autem
445 905 771 957 barbarorum
787 943 804 972 ,
830 909 886 957 in
910 909 1087 973 primis
1114 906 1370 957 Thracum
1396 912 1447 954 et
1476 905 1619 953 Cim-

250 984 532 1031 meriorum
552 1018 569 1045 ,
619 985 894 1034 invasiones
940 974 1221 1049 antiquitus
1277 986 1376 1032 iam
1428 982 1619 1045 saepius

250 1057 434 1108 Graeci
482 1063 702 1125 perpessi
753 1070 913 1112 erant.
995 1062 1136 1123 Quas
1191 1070 1251 1111 ut
1299 1066 1614 1120 averterent,

250 1152 417 1197 neque
441 1146 689 1200 perpetuo
721 1140 784 1186 iis
816 1141 976 1188 essent
1000 1139 1208 1202 expositi
1224 1172 1239 1200 ,
1268 1153 1327 1186 ea
1354 1152 1454 1201 qua
1474 1141 1620 1185 erant

247 1213 516 1276 prudentia
575 1215 941 1278 perspiciebant
954 1250 972 1278 ,
1024 1216 1166 1265 nulla
1212 1215 1365 1279 magis
1407 1214 1505 1260 alia
1533 1233 1541 1249 r
1557 1228 1615 1259 re

250 1290 443 1339 obicem
470 1292 530 1340 iis
559 1293 701 1355 posse
731 1293 883 1356 poni,
917 1309 1066 1358 quam
1097 1293 1304 1340 coloniis
1341 1293 1395 1338 in
1434 1291 1617 1337 horum

250 1365 437 1416 finibus
479 1369 763 1417 condendis.
832 1370 956 1421 Inde
991 1370 1139 1433 longa
1182 1370 1267 1417 illa
1306 1368 1618 1415 coloniarum

250 1443 399 1492 series
417 1478 433 1507 ,
483 1446 666 1509 quibus
711 1454 927 1510 utraque
960 1447 1115 1495 Ponti
1158 1445 1348 1495 Euxini
1385 1451 1437 1493 et
1478 1442 1620 1492 Afiae

248 1519 470 1569 Minoris
490 1556 506 1583 ,
553 1523 606 1570 in
645 1524 820 1586 primis
848 1524 1254 1586 septemtrionalis
1289 1538 1380 1569 ora
1404 1527 1513 1568 erat
1533 1535 1621 1567 re-

249 1597 401 1647 ferta.
471 1599 586 1648 Hoc
613 1601 812 1649 confilio
836 1599 1154 1649 Athenienses
1173 1636 1189 1663 ,
1238 1600 1364 1647 duce
1383 1598 1622 1655 ·Miltiade
1701 1603 1703 1607 ’

250 1675 451 1738 Cypseli
484 1678 586 1725 filio
601 1712 618 1739 ,
658 1677 859 1740 iubente
885 1679 1068 1741 Pythia.
1083 1713 1098 1738 ,
1127 1678 1374 1725 coloniam
1400 1676 1621 1724 deduxe-

248 1762 376 1802 runt
405 1755 460 1803 in
489 1754 754 1803 Thraciam
787 1763 963 1803 contra
977 1754 1261 1803 Absinthios
1277 1746 1434 1818 (157).
1482 1754 1619 1800 Idem

248 1830 506 1879 confilium
554 1831 788 1894 deinceps
824 1832 1037 1879 ulterius
1076 1832 1361 1895 persecutus
1401 1837 1478 1878 est
1516 1821 1621 1877 Pe-

246 1907 394 1955 ricles
409 1941 430 1970 ,,
464 1908 555 1971 qui
578 1909 769 1971 saepius
807 1909 860 1955 in
904 1909 1158 1971 regiones,
1189 1908 1251 1955 ab
1279 1907 1504 1955 hostibus
1528 1907 1621 1953 de-

246 1984 433 2045 victas,
459 1984 677 2031 colonias
692 1984 848 2045 mifit3
874 1986 1185 2042 coloniarum
1201 1986 1394 2046 saltem,
1420 1999 1543 2047 quas
1562 1984 1616 2031 in

248 2061 598 2111 Chersonesum
640 2070 691 2110 et
729 2062 992 2110 Thraciam
1007 2097 1025 2122 ,
1062 2064 1118 2110 in
1157 2062 1455 2110 Bisaltarum
1487 2060 1618 2108 sedes

247 2140 450 2187 deduxit
484 2140 654 2202 (158),
693 2155 796 2188 non
825 2140 922 2187 alia
953 2148 1059 2188 erat
1084 2141 1232 2188 ratio.
1300 2139 1416 2187 Hoc
1448 2138 1616 2186 Grae-

248 2233 422 2264 corum
456 2217 716 2267 confilium
740 2217 906 2266 innuit
945 2217 1156 2266 Marcus
1180 2218 1380 2266 Tullius
1405 2216 1611 2265 Cicero:

247 2311 275 2343 n
298 2293 474 2342 Afiae'’
510 2294 676 2357 inquit
715 2310 743 2341 »
761 2296 1058 2346 maritimam
1105 2313 1244 2345 oram
1281 2296 1410 2344 bello
1464 2296 1615 2357 supe-

1488 2386 1516 2418 »
1537 2386 1614 2418 ra·

250 2454 435 2463 -.--..-—

298 2491 425 2541 (157)
453 2492 621 2530 Hauon.
648 2490 719 2531 VI.
746 2486 941 2540 34-36.'
968 2491 1107 2531 Nepos
1135 2494 1175 2531 in
1205 2489 1395 2534 Meltiade
1422 2500 1459 2530 c.
1490 2499 1534 2529 1.

295 2551 422 2606 (158)
452 2553 694 2593 monaca.
725 2555 796 2593 vit.
825 2552 998 2594 Periclis,
