1787 3205
378 196 473 246 DE
506 194 830 247 COLONHS
864 192 1227 244 VETERUM.
1402 207 1494 255 107

275 237 288 257 ί

136 352 370 406 fisauecti
383 391 399 418 ‚
428 373 488 404 eo
518 357 688 420 plures
705 355 821 403 socii
840 355 1059 410 coloniae
1086 353 1289 400 nomina
1316 351 1491 405 darent

133 442 314 496 parum
343 433 510 482 refert.
580 434 660 481 De
687 433 858 480 multis
899 431 1105 479 coloniis
1150 432 1242 477 hoc
1285 427 1490 491 probari

133 506 313 573 petest.
361 509 647 558 Herodotus·
670 499 959 578 descoloniis
974 508 1027 554 in
1040 505 1152 554 Afia
1177 508 1364 552 minore
1389 515 1497 552 tra-r

133 588 226 649 dit,
255 603 336 635 eas
364 596 477 636 ante
489 589 651 636 Croefi
675 587 938 650 imperium
963 586 1141 633 liberas
1165 584 1316 632 fuisse
1329 584 1489 645 (256).

85 715 88 717 ,
133 664 480 727 Corcyraei'in
527 665 902 712 Athenienfium
945 664 1183 713 concione
1225 662 1285 708 de
1323 662 1370 707 se
1399 661 1495 721 ipfii

75 748 81 752 ’
132 740 405 790 affirmant:
439 742 492 792 οὗ
514 743 602 809 γὰρ
634 748 705 792 ἐπὶ
736 744 799 809 τῷ
827 744 1001 800 δοῦλοι,
1031 740 1123 790 ἀλλ’
1157 746 1228 794 ἐπὶ
1254 741 1318 807 τῷ
1342 736 1491 803 ὅμοιοι

132 825 225 876 τοῖς
264 825 538 882 λειπομένας
580 817 693 868 εἶναι
707 857 719 876 ,
749 825 1046 880 ἐκπέμπονται
1074 818 1226 877 (257).
1294 817 1362 861 Et
1391 815 1495 861 Co-

131 896 307 942 rinthii
324 928 338 954 ,
367 895 971 956 coloniamEpidamnum
1001 894 1292 953 deducturi,
1321 893 1493 939 edixe-

131 978 256 1023 runt
271 1004 286 1030 ‚
310 976 380 1019 ἐπὶ
396 974 450 1038 τῇ
476 977 549 1038 ἴσῃ
564 978 642 1020 καὶ
668 972 806 1036 ὁμοίᾳ
828 972 908 1020 τὸν
917 971 1191 1034 βουλόμενον
1209 976 1321 1020 ἴεναι
1340 970 1491 1031 (258).

132 1047 262 1094 Sunt
278 1054 467 1109 tamen,
492 1041 619 1110 q'uae
630 1048 833 1095 suadere
859 1048 1119 1096 videantur
1137 1082 1151 1108 ,
1183 1056 1240 1094 ut
1267 1046 1496 1095 statueret

132 1124 376 1186 quispiam
393 1157 408 1184 ,
467 1124 682 1170 colonias
723 1124 938 1170 Graecas
989 1124 1167 1170 liberas
1209 1141 1310 1170 non
1358 1122 1492 1171 fuis-

128 1200 177 1248 se
205 1200 358 1263 (259).
411 1198 556 1255 ,Nam
582 1201 713 1263 quod
748 1201 807 1247 ad
838 1201 1121 1247 Corinthios
1159 1202 1367 1261 attinet,
1401 1202 1492 1263 ipfi

129 1277 390 1325 dixerunt:
429 1279 552 1342 ἡμεῖς
597 1283 644 1327 δὲ
695 1278 787 1328 οὐδ’
840 1278 967 1328 αὐτοὶ
1004 1275 1155 1345 φαμὲν
1191 1282 1265 1327 ’ἐπὶ
1300 1282 1362 1346 τῷ
1401 1279 1494 1328 ὑπὸ·

127 1348 294 1407 ἷτούτων
331 1355 600 1423 ὑβρίζεσθαι
634 1360 889 1407 κατοικίσαι
904 1396 916 1415 ,
953 1355 1045 1406 ἄλλ’
1090 1362 1161 1406 ἐπὶ
1186 1359 1250 1423 τῷ
1280 1356 1492 1420 ἡγεμόνες

1448 1454 1495 1482 τε

176 1661 304 1713 (256)
328 1664 553 1708 Ἠειιοοοτ,
584 1664 617 1703 Ι.
644 1665 685 1706 6.

173 1723 305 1776 (257)
333 1724 530 1766 Tenem.
562 1726 593 1765 Ι.
621 1737 685 1774 34.

177 1783 304 1837 (253)
331 1785 524 1824 Tflucvu.
556 1786 588 1823 Ι.
614 1798 680 1835 27.

176 1845 305 1897 (259)
333 1848 455 1885 Antea
480 1847 590 1885 etiam
617 1846 708 1885 huic
739 1845 941 1886 sententiae
976 1850 1091 1898 magis
1127 1850 1328 1898 favebam;
1356 1863 1485 1893 motus

126 1910 165 1947 in
196 1910 323 1958 primis
362 1909 546 1957 exemplo
584 1908 760 1946 coloniae
799 1909 1093 1950 Corinthiorum
1136 1913 1393 1962 Epidamnum
1422 1916 1490 1954 de-

126 1972 268 2011 ductae
304 1966 374 2011 ἒπὶ
419 1964 472 2011 τῖ
509 1967 583 2030 ιση
611 1969 688 2010 καὶ
724 1958 870 2029 ὅμοια.
907 1972 1122 2012 Credebam
1143 1975 1272 2022 enim,
1295 1978 1486 2018 coioniam

128 2039 217 2076 ideo
240 2038 312 2077 hac
333 2038 557 2076 conditione
583 2037 702 2076 fuisse
727 2039 955 2083 deductam,
980 2049 1049 2087 ut,
1071 2054 1155 2090 quo
1182 2046 1298 2092 magis
1323 2057 1366 2083 ea
1385 2056 1493 2084 rece-

127 2099 237 2138 deret
266 2110 287 2137 a
321 2099 508 2156 constanti
540 2100 833 2139 Corinthiorum
864 2110 996 2148 more,
1029 2112 1078 2141 eo
1108 2104 1237 2152 plures
1273 2107 1378 2145 cives
1405 2108 1490 2147 eius

125 2162 332 2210 participes
377 2164 515 2200 essent.
581 2162 681 2208 Sed,
716 2172 757 2200 re
793 2164 1013 2200 accuratius
1047 2167 1257 2214 perpensa,
1297 2167 1490 2208 adductus

126 2222 234 2269 sum,
272 2234 317 2262 ut
353 2223 577 2270 crederem,
605 2234 733 2263 veram
766 2224 848 2263 esse
880 2226 1183 2275 explicationem
1208 2230 1371 2280 Heynii:
1397 2231 1492 2270 iliud

127 2296 206 2324 non
231 2284 276 2323 ad
298 2285 428 2332 cives,
460 2286 523 2325 sed
551 2285 596 2323 ad
613 2287 844 2336 peregrinos
862 2289 1077 2337 pertinere,
1099 2300 1145 2328 ut
1182 2292 1334 2332 scilicet
1361 2294 1397 2332 hi
1421 2303 1490 2332 eo-

125 2348 213 2386 dem
236 2349 320 2386 iure
352 2357 468 2398 atque
489 2347 555 2398 ipfi
581 2349 760 2388 Corinthi
789 2350 895 2389 cives
916 2361 966 2389 eo
987 2351 1347 2399 proficiscerentur.
1396 2355 1488 2395 vid.

126 2421 273 2450 ΗΕΥΝιι
305 2413 436 2462 opusc.
465 2411 509 2460 I,
537 2424 581 2462 p.
605 2422 695 2463 324.
749 2412 872 2464 Ipsius
896 2412 1137 2463 Thucydidis
1164 2418 1276 2455 locus
1306 2418 1403 2457 hanc
1434 2419 1490 2458 in·

129 2475 437 2521 tei-pretationem
461 2475 612 2524 poscit,
634 2486 723 2513 cum
746 2475 782 2514 in
814 2475 952 2513 eodem
978 2477 1104 2524 capite
1131 2478 1317 2527 tradatur,
1344 2481 1488 2520 multos

127 2537 353 2584 peregrinos
374 2538 485 2576 huius
508 2538 686 2578 coloniae
708 2537 836 2576 socios
862 2537 987 2576 fuisse.
