1787 3205
226 242 288 289 24
481 239 578 293 DE
613 237 942 291 COLONIIS
976 241 1346 298 VETERUM.

226 406 436 463 rentur,
479 398 543 448 ab
580 402 773 465 origine
809 410 973 451 tamen
1016 418 1116 450 non
1156 408 1300 450 erant
1330 400 1421 448 nifi
1456 412 1595 446 arces

231 475 489 544 (φρούρια),
526 494 740 541 quarum
782 481 1001 543 potentia
1031 496 1094 527 ne
1136 480 1283 527 nimis
1320 484 1558 542 cresceret
1574 510 1592 537 ,

224 554 395 603 sedulo
434 556 638 606 cavebat
668 558 971 620 metropolis.
1043 556 1177 603 Hinc
1213 556 1352 604 nulla
1371 556 1479 602 eius
1504 570 1594 600 co·-

223 632 477 681 loniarum
520 635 820 695 metropolin
858 635 1086 696 potentia
1139 632 1435 694 superabant
1452 665 1468 692 ,
1518 630 1594 677 uti

225 709 333 769 ipsa
350 711 592 773 Carthago
623 709 819 772 Tyrum
836 743 851 769 ,
878 718 928 756 et
954 711 1089 772 apud
1115 710 1234 756 alias
1261 716 1428 771 gentes
1448 708 1597 755 Mas-

227 784 332 833 Iilia
359 785 634 834 Phocaeam
652 822 668 848 ,
716 786 981 849 Syracusae
1012 787 1332 848 Corinthum,
1353 784 1593 847 Cyzicum

224 878 282 910 ac
311 862 615 926 Byzantium
632 865 863 912 Miletum
894 866 996 929 (59)
1015 899 1031 926 ,
1063 866 1214 912 immo
1237 879 1300 912 ne
1321 864 1452 912 vires
1477 862 1597 924 qui-

223 939 335 1008 dem
379 958 494 989 cum
540 943 804 1006 metropoli
841 950 1032 992 tentare
1063 944 1178 991 ausa
1222 942 1337 989 fuit.
1378 969 1447 977 —
1485 940 1597 1002 Ipsa

222 1024 392 1064 autem
431 1019 508 1065 rei
541 1020 670 1065 ratio
709 1019 888 1080 docet,
919 1027 1085 1083 gentes
1126 1019 1346 1066 colonias
1372 1016 1594 1065 conden-

219 1103 296 1157 tes
315 1130 332 1156 ,
371 1111 630 1158 quaeque,
673 1104 732 1143 ut
767 1113 828 1144 ex
860 1097 922 1143 iis
964 1097 1228 1146 utilitatem
1261 1096 1476 1157 aliquam
1505 1110 1594 1141 ca-

220 1174 402 1234 pere'nt
420 1205 436 1232 ‚
469 1172 529 1220 iis
557 1174 835 1235 imperare,
864 1180 913 1220 et
948 1174 1121 1233 ceteris
1144 1173 1344 1235 populis
1374 1174 1426 1218 in
1452 1170 1597 1220 colo-

223 1249 324 1297 niis
342 1249 690 1298 constituendis
709 1248 953 1312 praestare
970 1249 1267 1310 voluerunt,
1283 1249 1399 1313 idin
1417 1248 1592 1310 primis
1628 1304 1632 1306 .

223 1341 401 1374 curare
426 1319 645 1372 debuisse
660 1360 675 1387 ,
704 1334 761 1373 ut
789 1327 1123 1388 'navigationis
1149 1312 1435 1388 progreesus
1477 1340 1593 1371 cum

211 1418 432 1456 numero
459 1401 767 1471 coloniarum
791 1405 949 1449 essent
971 1403 1256 1465 coniuncti,
1284 1411 1439 1465 utque
1461 1402 1593 1449 inter

223 1487 498 1541 utrumque
533 1479 699 1541 aliqua
727 1476 1074 1528 convenientia
1101 1487 1151 1527 et
1188 1481 1391 1544 aliquod
1415 1480 1594 1540 aequi-

221 1553 427 1603 librium
452 1590 468 1616 ,
503 1556 633 1617 quod
658 1555 838 1618 dicitur
852 1591 868 1617 ‚
903 1557 1041 1603 esset.
1057 1583 1125 1594 --—
1141 1557 1253 1604 Hoc
1276 1564 1442 1606 autem
1468 1556 1595 1604 Car-

222 1630 546 1695 thaginienses
573 1632 749 1679 melius
770 1667 785 1693 ‚
823 1648 970 1694 quam
996 1631 1268 1680 Phoenices
1282 1668 1298 1695 ,
1336 1627 1594 1682 observas-

223 1709 271 1759 se
289 1742 305 1770 ‚
342 1725 405 1758 ex
436 1709 608 1757 multis
642 1709 791 1757 rebus
823 1710 936 1760 satis
966 1717 1103 1773 patet
1138 1709 1259 1773 (40).

1570 1791 1594 1856 §

273 2022 377 2075 (39)
404 2021 612 2064 Vetanus
640 2032 906 2065 rai-euentus
940 2020 994 2060 11.
1025 2033 1084 2073 ¹5·

271 2082 376 2135 (40)
404 2083 510 2121 Idem
541 2082 634 2121 illud
668 2082 949 2121 recentioribus
983 2082 1223 2137 temporibus
1257 2090 1371 2122 caute
1409 2083 1589 2123 observffi

220 2146 278 2185 vit
301 2144 514 2184 Brittannia
525 2164 543 2190 ‚·
568 2145 684 2194 eique
710 2146 746 2183 in
772 2144 904 2194 primis
929 2144 1089 2191 debuit,
1115 2144 1226 2195 quod
1254 2153 1459 2195 tantopere
1484 2154 1590 2185 cete·

219 2206 277 2245 ris
304 2208 460 2254 populis
495 2207 673 2254 praestat.
722 2206 850 2255 „Elle
881 2206 964 2245 doit
988 2217 1007 2244 a
1030 2216 1138 2246 cette
1172 2207 1359 2246 attention
1393 2208 1427 2246 la
1466 2208 1591 2255 gleire·

219 2267 356 2319 „dont
396 2267 469 2306 elle
501 2267 645 2313 brine,
679 2268 713 2306 la
764 2266 937 2306 richesse
981 2268 1077 2309 dont
1111 2270 1185 2308 elle
1222 2269 1322 2319 jouit
1359 2279 1397 2309 et
1436 2270 1470 2308 le
1501 2268 1593 2309 rote

214 2327 411 2386 „qu’elle
448 2329 543 2377 ioue
576 2339 643 2367 sur
687 2330 721 2369 la
752 2329 873 2376 scene
916 2328 968 2370 du
1008 2331 1192 2373 monde.”
1268 2333 1325 2373 Ita
1376 2340 1588 2372 enam-ms

219 2392 246 2429 Ι.
273 2391 299 2431 1.
328 2400 426 2430 tom.
454 2389 517 2438 11‘,
541 2400 631 2440 pag.
663 2399 754 2441 224.
806 2387 892 2428 Alia
914 2391 1097 2439 quaedam
1118 2393 1164 2432 ad
1187 2394 1429 2433 coloniarum
1461 2391 1591 2431 Phoe·

217 2452 401 2493 nicinmm
435 2450 747 2490 deducendarum
772 2450 955 2490 rationem
978 2455 1204 2502 pertinentia
1219 2482 1231 2501 ‚
1256 2455 1426 2504 prudens
1450 2452 1558 2492 omifi
1573 2482 1587 2501 ,

219 2523 268 2554 ne
292 2522 503 2562 repeterem
520 2538 533 2558 ‚
564 2523 665 2562 quae
701 2515 772 2551 hac
796 2511 843 2549 de
869 2521 910 2549 re
935 2509 1130 2554 annotavit
1160 2517 1478 2567 Doctbmumn,
1513 2514 1592 2555 dis..

208 2574 309 2629 fert.
335 2572 380 2616 de
406 2574 493 2616 iure
516 2573 768 2616 Coloniarum.
793 2582 879 2625 pag.
907 2585 956 2628 42
984 2573 1064 2626 seq.
