1787 3205
442 214 554 269 DE?
572 217 898 270 cotenus
925 214 1305 274 veranum.
1490 217 1557 282 ¹75

189 377 233 424 ti
261 376 404 437 *enim
438 378 524 425 alii
546 378 722 444 populi
758 377 901 427 vario
916 380 941 439 ,'
974 377 1178 425 confilio.
1197 375 1438 440 variaque
1469 374 1554 437 spe

183 453 385 516 allecti,
405 456 528 505 >eius
585 455 854 521 participes
905 455 1134 504 fuerunt.
1162 482 1165 485 ⁴

257 530 574 597 Quamquam
607 534 791 583 Graeci
828 541 1139 597 mercaturae
1169 549 1270 581 non
1298 527 1551 578 adeostu-

186 609 391 657 duerint
404 646 421 672 ,
467 618 528 659 ut
564 612 731 659 omnia
763 612 809 659 ei
834 611 1294 670 accommodarent,
1320 608 1553 670 deinceps

184 694 352 735 tamen
388 686 792 747 Atheniensespin
831 690 1012 752 primis
1050 697 1101 736 et
1132 687 1381 736 Corinthii
1416 701 1553 732 non-

185 764 350 811 nullas
368 798 384 824 ,
417 773 728 813 mercaturae
766 765 1063 814 inserviendi
1102 766 1260 827 gratia
1274 799 1290 825 ‚
1325 762 1548 811 colonias

182 841 511 888 deduxerunt.
577 841 705 888 Cum
733 842 867 887 enim
897 841 1327 903 tractu-temporis
1351 855 1550 886 merca-

182 924 325 964 turae
352 918 588 964 maiorem
621 924 866 966 navarent
885 932 1089 980 operam
1103 951 1121 980 ,
1154 917 1372 981 egregias
1402 917 1547 964 utili-

181 1001 307 1042 tates
330 1009 392 1042 ex
415 994 513 1042 illie
538 988 873 1058 proventuras
895 996 996 1042 esse
1017 1012 1122 1043 non
1155 995 1341 1056 solum,
1371 1009 1546 1044 verum

180 1079 232 1119 et
258 1087 341 1120 eas
370 1073 574 1121 omnino
602 1072 707 1120 esse
726 1072 1021 1121 necessarias
1037 1107 1053 1135 ,
1100 1089 1184 1121 eos
1213 1072 1382 1136 fugere
1415 1072 1550 1120 haud

173 1156 409 1212 poterat,
434 1150 487 1196 in
515 1150 691 1212 primis
718 1166 833 1197 cum
859 1152 1141 1213 exemplum
1158 1151 1467 1198 Phoenicum
1489 1147 1552 1196 iis

178 1227 244 1273 in·
260 1235 499 1290 promptu
526 1228 667 1276 esset.
738 1227 1007 1276 Corinthus
1023 1263 1039 1289 ‚
1086 1230 1231 1276 cuius
1278 1228 1316 1276 fi
1352 1226 1544 1276 felicem

176 1304 230 1350 in
268 1304 453 1353 Isthmo
479 1304 627 1351 fitum
658 1305 964 1367 spectemus,
1005 1306 1103 1352 iam
1153 1312 1351 1352 mature
1391 1305 1545 1351 latam

174 1383 431 1448 potuisset⁴
454 1390 1032 1432 exerceremercaturam
1062 1390 1113 1430 et
1142 1382 1511 1445 navigationem
1526 1415 1544 1443 ,

175 1464 404 1521 tempore
431 1459 486 1506 in
518 1459 696 1522 primis
740 1456 1032 1525 Periandri,
1079 1461 1168 1523 qui
1208 1459 1414 1522 Olymp.
1454 1460 1543 1508 58.

179 1536 260 1582 1⁰.
296 1551 502 1599 regnare
525 1538 713 1600 incepit
746 1538 915 1600 (164),
954 1545 1261 1584 mercaturae
1282 1536 1547 1584 celebrita-

174 1613 240 1660 tis
282 1612 466 1660 famam
507 1620 651 1661 nacta
688 1614 887 1663 videtur
901 1647 917 1673 ,
959 1621 1110 1677 atque
1148 1629 1207 1661 eo
1257 1614 1542 1676 praesertim

173 1696 410 1752 regnante
424 1724 440 1751 ‚
466 1691 712 1752 plurimae
736 1691 957 1738 coloniae
979 1699 1188 1754 propter
1211 1699 1537 1738 mercaturam

172 1766 235 1814 ab
250 1783 311 1814 ea
340 1768 565 1814 conditae
593 1769 825 1816 videntur
854 1769 1009 1831 (165).
1083 1768 1199 1828 Quo
1221 1776 1443 1831 tempore
1458 1768 1538 1816 A-

171 1843 444 1890 thenienses
483 1844 577 1889 hoc
615 1845 818 1890 consilio
859 1845 1076 1890 colonias
1113 1846 1351 1891 deducere
1389 1845 1534 1892 ince-

170 1922 370 1983 perint,
400 1928 534 1967 certo
566 1920 778 1982 quidem.
796 1921 1123 1967 determinare
1161 1936 1269 1968 non
1300 1924 1535 1984 possum3

169 1999 460 2046 crediderim
498 2005 661 2045 tamen
677 2032 693 2060 ,
732 1997 856 2044 illud
896 1998 958 2043 ad
988 1998 1266 2060 posteriora
1308 2005 1536 2062 tempora

168 2077 270 2122 esse
323 2076 660 2123 referendume
749 2075 829 2123 Ex
876 2075 1169 2137 Thucydide
1220 2076 1354 2123 enim
1395 2078 1536 2125 vide·

165 2163 233 2201 re*
270 2160 376 2214 est,
431 2160 560 2206 ante,
590 2152 717 2200 bella
761 2151 953 2199 Perfica
1006 2168 1181 2199 eorum
1232 2169 1383 2202 naves
1429 2170 1531 2201 non

1417 2232 1535 2279 adeo

217 2497 346 2550 (164)
377 2499 531 2538 Eusssss.
556 2497 693 2536 chron.
723 2511 767 2547 p.
798 2509 882 2546 ¹09·

214 2558 345 2613 (165)
374 2560 617 2601 Pnurtmcu.
643 2559 687 2599 de
707 2559 798 2608 sera
818 2572 922 2598 num.
951 2558 1052 2599 vind.
1084 2569 1180 2605 tom,
1212 2559 1276 2607 11,
1305 2571 1345 2609 p.
1371 2570 1461 2610 552⁴.

1209 2683 1228 2711 N
