1787 3205
244 193 317 243 80
502 193 599 243 DE
636 191 964 247 COLoNus
1001 187 1370 266 VETERUM.

246 352 378 416 ipsos
396 388 412 415 ,
475 361 743 417 postquam
797 357 984 420 templo
1034 358 1425 420 egresfimsent
1442 391 1458 418 ,
1503 371 1617 421 pn·-

249 446 361 477 mus
409 432 637 495 hospitio„
677 434 944 502 exciperet.
977 481 984 487 ,,
1020 432 1171 495 Quod
1219 451 1375 503 quum
1425 433 1615 487 fecisset

253 509 508 557 Miltiades
548 510 742 573 Cypseli
767 510 933 573 filius,
962 512 1211 576 extemplo
1251 514 1453 561 oraculo
1492 528 1620 559 con-

249 586 410 637 fulto·
447 604 511 635 an
562 588 778 650 faceret,
836 589 975 659 quod
1022 606 1137 637 eum
1184 588 1403 638 Dolonci
1445 605 1621 654 rogas-

248 666 386 725 sent3
413 665 742 727 assumtisque
768 666 1026 713 nonnullis
1053 682 1114 714 ex
1135 660 1512 724 Athenienfibus
1537 667 1622 714 so·-

244 743 372 803 ciis,
423 758 527 790 una.
573 758 688 790 cum
729 741 970 790 Doloncis
1020 743 1310 807 profectus
1325 750 1399 799 eat
1417 778 1434 805 ‚
1486 756 1619 807 quo-
1704 775 1709 780 -

245 836 362 867 rum
408 819 581 867 deinde
631 821 867 882 princeps
919 828 993 869 est
1052 829 1247 869 creatus
1302 821 1457 886 (175).
1544 820 1621 869 Ita

245 897 451 944 oraculo
485 897 706 944 consulto
746 895 930 944 Parii
915 914 985 944 ιη
1000 897 1219 945 Thasum
1246 898 1491 945 coloniam
1530 898 1623 945 de-

251 976 522 1032 duxerunt
546 976 705 1039 (176).
753 975 1022 1037 Phocaei,
1054 975 1336 1029 ΜαεΙὶΙὶειῐιι
1362 976 1618 1034 conditum

247 1043 493 1116 profecti,
521 1054 594 1100 ab
614 1054 823 1106 oraculo
838 1053 1169 1114 iubebantur,
1191 1053 1515 1116 navigationis
1529 1053 1623 1100 du-

248 1147 355 1183 cem
386 1147 416 1177 a
447 1128 614 1178 Diana
641 1130 853 1193 Ephefia
877 1131 1099 1193 accipere
1141 1131 1330 1193 (177)
1367 1129 1483 1193 Non
1516 1130 1620 1178 dif-

248 1208 376 1256 ficile
414 1208 576 1270 foret,
618 1208 768 1271 plura
796 1207 877 1254 hio
914 1223 1168 1270 apponere
1207 1208 1466 1270 exempla,
1504 1224 1621 1256 cum

246 1286 382 1349 apud
414 1287 679 1348 scriptores
713 1286 910 1335 nullius
932 1284 1036 1333 fere
1058 1286 1328 1344 coloniae,
1359 1302 1461 1333 non
1492 1301 1621 1334 con.-

245 1364 376 1412 sulto
406 1364 609 1411 oraculo
631 1364 909 1429 θοῃᾶίῒαθ,’
934 1365 1065 1412 facta
1092 1364 1150 1412 fit
1178 1364 1382 1413 mentio.
1452 1362 1619 1423 Quam

248 1441 473 1497 constans
497 1442 578 1489 hic
598 1458 705 1489 mos
729 1427 1016 1492 confidendi
1041 1442 1231 1489 oraculi
1250 1441 1385 1504 apud
1401 1440 1624 1488 Graecos

249 1517 438 1578 fuerit,
474 1519 590 1564 inde
634 1525 801 1580 patet,
846 1519 979 1581 quod
1018 1519 1306 1566 Herodotus
1327 1552 1343 1578 ,
1390 1518 1450 1565 de
1482 1517 1622 1567 colo-

251 1597 338 1651 nia
359 1596 604 1658 loquens,
638 1595 826 1641 Dorieo
854 1595 988 1642 duce
1009 1629 1024 1655 ,
1051 1595 1176 1641 irato
1196 1628 1212 1655 ‚
1250 1609 1366 1658 qma
1399 1594 1453 1641 in
1487 1595 1624 1657 regia.

252 1674 492 1737 dignitate
521 1672 676 1720 alium
709 1672 798 1720 fibi
820 1670 1099 1735 praelitam
1124 1671 1315 1721 videbat
1330 1706 1346 1733 ,
1382 1671 1620 1734 deducta,

250 1738 441 1816 filbntio
485 1766 589 1797 non
621 1751 904 1812 ‚praeterire
946 1757 1173 1812 poterat,
1215 1764 1323 1796 eam
1356 1749 1505 1797 fuisse
1530 1750 1626 1798 de>-

250 1829 448 1888 ductam
476 1827 681 1875 oraculo
721 1844 824 1875 non
859 1828 1111 1876 consulto:
1167 1827 1292 1886 οὔτε,
1326 1827 1523 1889 inquit,
1558 1830 1624 1896 uf

249 1911 315 1956 ἓν
345 1912 558 1971 Δελφοῖσι
595 1908 850 1972 χρηστηρίω
892 1903 1199 1970 χρησάμενος,
1247 1908 1293 1962 ἐς
1335 1901 1495 1964 ἥντινα
1537 1924 1625 1967 γην

250 1986 413 2034 κτίσων
474 1989 543 2050 ιξη,
608 1982 708 2033 οὔτε
767 1981 961 2043 ποιήσας
1026 1981 1154 2033 οὐδὲν
1221 1983 1310 2031 τῶν
1383 1985 1626 2046 νομιζομέ-

250 2080 341 2112 νων
371 2060 526 2124 (178)-

1513 2135 1624 2184 Im-

249 2274 461 2285 ———-

303 2348 433 2401 (175)
464 2348 637 2388 Hmon.
665 2346 737 2386 vl.
764 2348 934 2396 34-36

305 2410 434 2465 (¹76)
465 2410 673 2449 STEPHAN.
700 2408 744 2446 de
769 2408 900 2447 urbib.
925 2418 1028 2467 voce
1054 2403 1234 2466 Παρίον
1252 2418 1291 2449 et
1314 2398 1490 2467 Πάρος.

306 2477 629 2529 (177)STRA130
660 2476 729 2517 Ν.
759 2487 801 2526 p.
832 2485 921 2526 271.

303 2539 431 2591 (178)
460 2540 622 2580 Ηεκοο.
654 2539 702 2581 V.
730 2550 796 2589 42.
