1787 3205
215 248 280 294 5o
475 241 583 296 DE?
608 244 935 296 COLONIIS
970 240 1335 300 VETERUM.

212 408 378 454 *lamus
414 400 747 472 Sorlingicas3
786 418 899 457 cum
938 409 1066 456 idem
1098 408 1275 457 Strabo
1307 410 1437 457 dicat
1450 438 1472 470 ,-
1500 417 1581 455 eas

217 484 330 531 fitas
356 483 504 533 fuisse
531 486 680 549 supra
709 486 1178 534 Lufitaniam.1ta
1207 489 1340 535 enim
1372 488 1477 534 eius
1501 486 1580 532 lo·-

215 559 350 609 cum
378 563 658 626 intelligo:-
685 566 940 626 γεννᾶσθαι
976 562 1016 612 ‹5’
1046 566 1093 613 ἕν
1131 584 1179 613 τε
1211 571 1304 622 τοῖς
1342 563 1451 630 ὑπὲρ
1480 562 1583 620 τοὺς

216 640 502 697 Λυσιτανοὺς
537 640 823 706 βαρβοῖὁροὺς,
866 649 940 690 καὶ
978 646 1026 690 ἕν
1062 644 1162 699 τᾶις
1189 646 1474 707 Καττιτερίσι
1507 639 1587 699 νή-

214 730 325 774 σοις
359 723 437 766 καὶ
477 720 525 767 ἔκ
564 720 653 769 τῶν
686 720 981 785 βρεπανικῶν
1004 722 1053 767 δὲ
1087 719 1150 776 εἷς
1188 717 1272 778 τὴν
1309 721 1587 796 Μασσαλίαν

140 805 142 807 ’
214 797 502 855 κομίζεσθαι.

210 860 393 917 -'Nifi
444 870 597 933 igitur
651 871 926 920 Phoenices
964 870 1180 919 colonias
1234 871 1288 918 in
1342 868 1587 933 Hispania

206 945 496 994 habuissent
512 981 529 1007 ,
562 964 679 995 nonv
696 949 839 1005 facile
883 949 961 996 illi
994 949 1359 1010 navigationem
1387 946 1592 1009 potuis-

213 1015 320 1071 sent
369 1025 618 1088 suscipere
661 1026 715 1073 in
771 1026 955 1073 insulas
1000 1027 1147 1087 istas,
1205 1024 1363 1072 multo
1418 1023 1586 1070 minus

213 1097 357 1148 extra
386 1117 469 1148 eas
487 1136 502 1161 ,
547 1103 601 1148 in
630 1117 768 1149 mare
797 1102 1077 1149 Balthicum
1094 1136 1110 1162 ,
1153 1117 1310 1163 usque
1340 1102 1487 1147 etiam
1527 1099 1589 1145 ad

210 1171 474 1223 Borusfiae
504 1193 652 1237 oras,
687 1180 762 1224 uti
805 1170 1081 1237 nonnulli,
1106 1194 1268 1240 neque
1302 1179 1403 1225 fine
1445 1177 1584 1223 omni

204 1253 435 1300 ‹veritatis
487 1252 646 1314 specie
692 1260 987 1311 autumant3
1039 1253 1168 1315 quin
1219 1254 1443 1315 emporia
1491 1253 1586 1298 ha-

216 1329 397 1377 bebant
438 1330 492 1376 in
535 1330 815 1393 Hispania,
868 1331 922 1377 in
963 1347 1088 1392 quae
1126 1331 1308 1377 itinera
1351 1329 1585 1377 facientes

223 1408 403 1454 venire·
431 1408 661 1469 possent,
695 1415 746 1455 et
784 1408 820 1455 fi
847 1422 927 1454 res
966 1407 1091 1455 illud
1127 1408 1431 1469 postularet,
1471 1422 1590 1468 opes

215 1484 497 1545 deponere,
554 1493 643 1548 aut
699 1480 796 1532 alia
852 1484 1047 1546 reliquo
1082 1484 1269 1530 itineri
1323 1484 1591 1529 necessaria

210 1561 477 1608 assumere.
546 1562 625 1607 vIta
657 1569 715 1608 ut
737 1562 956 1608 coloniae
984 1563 1038 1607 in
1072 1561 1316 1623 Hispania
1342 1576 1452 1606 cum
1482 1560 1587 1606 uti-

209 1636 463 1697 litatibus,
523 1652 646 1699 quas
693 1652 756 1684 ex
815 1638 903 1683 soli
945 1636 1199 1684 fertilitate
1249 1636 1582 1682 Phoenicibus

211 1713 555 1776 praestabant,
602 1724 709 1761 tum
745 1731 864 1773 vero
900 1711 1081 1761 eorum
1114 1710 1449 1774 longinquiori
1489 1729 1585 1759 na-

209 1791 445 1853 vigationi
478 1792 667 1853 egregie
693 1787 1008 1839 inservirent.
1092 1790 1458 1837 Posterior-ibus
1484 1806 1583 1837 au-

206 1876 305 1914 tem
359 1867 666 1930 temporibus
719 1869 813 1915 hae
866 1868 1119 1927 coloniae,
1164 1866 1216 1913 in
1258 1868 1435 1929 primis
1471 1867 1581 1913 Ga-

209 1946 322 2004 des,
365 1954 574 2007 propter
610 1945 1066 2003 eandemcausam,
1099 1941 1584 2007 Carthaginienlibus

207 2023 328 2069 adeo
347 2021 675 2084 profuerunt.

277 2099 947 2162 Septemtrionalis·Africae
991 2116 1104 2160 ora,
1141 2098 1333 2145 meliori
1388 2099 1583 2161 quidem

213 2178 332 2224 olim
362 2194 420 2222 ac
454 2193 592 2222 nunc
621 2177 853 2224 felicitate
879 2178 971 2224 soli
1014 2176 1276 2237 utebatur,
1319 2176 1371 2222 in
1410 2176 1584 2238 primis

208 2261 376 2301 autem
418 2252 504 2297 illa
541 2268 693 2313 pars,
748 2270 872 2313 quae
913 2254 1187 2300 Phoeniciis
1241 2254 1449 2300 coloniis
1501 2269 1588 2299 re-

205 2331 341 2392 pleta
397 2336 523 2374 erat.
608 2327 877 2389 Byzacium
920 2347 951 2376 a
995 2330 1317 2391 scriptoribus
1378 2337 1585 2390 propter

208 2406 297 2453 soli
333 2404 635 2452 fertilitatem
665 2404 928 2452 admodum
951 2406 1291 2454 celebrabatur
1324 2395 1478 2468 (iiij.
1515 2433 1582 2442 —

1432 2482 1583 2531 Han-

258 2591 387 2642 (11¹)
417 2617 428 2630 .
480 2616 492 2630 .
547 2622 558 2632 .
616 2619 627 2632 .
680 2592 795 2641 „Seu
821 2591 908 2631 sunt
927 2592 1097 2640 Byzacia
1125 2592 1233 2631 cordi

1457 2684 1481 2705 ‚,
1499 2654 1584 2694 Ru-
