1787 3205
173 178 247 239 74-
427 175 527 227 DE
556 175 888 228 coLorms
929 174 1293 230 veranum.

179 342 317 384 totus
343 336 543 399 quidam
566 337 795 401 populus
821 340 877 388 in
905 339 1028 389 alias
1056 341 1284 404 regiones
1311 345 1547 403 tanquam

180 413 375 462 colonia
412 414 629 478 migrare
676 424 960 480 cogeretur.
1041 416 1162 465 Huc
1198 417 1416 481 pertinet
1448 416 1550 464 mi-

180 492 343 556 gratio
372 490 595 541 Aeolica.
646 492 823 542 Aeoles
837 528 855 557 ,
881 494 944 544 ab
973 494 1251 542 Heraclidis
1268 529 1284 557 ‚
1314 496 1371 543 in
1397 494 1550 542 Pelo-

178 571 462 633 ponnesum
491 570 758 619 reducibus
778 605 794 631 ‚
840 571 1052 633 sedibus¹
1077 572 1294 635 expulfi,
1338 571 1552 627 ducibus

181 643 297 694 filiis
325 646 526 709 Pelopis
548 680 566 707 ,
608 647 663 693 in
695 645 860 694 Aliam
897 641 1152 697 minorem.-
1168 656 1418 699 vener-unt
1431 681 1447 708 ,
1499 654 1552 695 et

178 730 494 786 occuparunt
518 722 707 786 Myfiae
729 730 781 772 et
802 724 977 772 Cariae
999 732 1192 787 partem
1205 758 1222 788 ,
1256 740 1385 789 quae
1406 724 1553 771 dein-

179 815 299 862 ceps
326 800 497 848 Aeolis
523 799 587 847 ab
615 802 676 848 iis
706 801 838 849 dicta
860 808 936 849 est
968 800 1125 865 (162).

254 877 561 926 Eorumdem
605 877 990 927 Heraclidamm
1048 880 1103 929 in
1154 866 1554 943 Peloponnesum

184 956 377 1004 reditus
423 956 763 1020 emigrationis
813 957 1011 1020 quidem
1070 958 1255 1006 Ionum
1296 958 1351 1005 in
1391 955 1555 1005 Afiam

184 1034 436 1082 minorem
473 1034 619 1081 causa
652 1034 784 1096 fuit,
829 1035 909 1082 sed
949 1036 1218 1096 remotior3
1249 1034 1353 1083 'cui
1382 1033 1556 1096 plures

185 1112 312 1159 aliae
351 1111 666 1160 accedebant.
749 1111 959 1158 Ionibus
1012 1113 1195 1159 scilicet
1243 1111 1306 1159 ab
1349 1109 1574 1159 Achaeis

183 1187 531 1253 Peloponneso
562 1187 811 1251 expullis,
852 1195 902 1236 et
946 1187 1009 1236 ab
1046 1187 1427 1238 Athenienfibus
1464 1203 1559 1235 ex-

185 1267 344 1329 ceptis
362 1300 380 1328 ,
407 1264 607 1333 Atticae
629 1265 906 1328 amplitudo
933 1273 1086 1329 atque
1112 1266 1343 1314 fertilitas
1370 1263 1560 1329 ingenti

184 1344 307 1397 huic
342 1342 647 1391 advenarum
691 1358 903 1390 numero
938 1359 1040 1391 non
1070 1342 1396 1392 sufficiebant.
1454 1342 1563 1390 Ao-

187 1420 388 1470 cedehat
401 1453 418 1481 ,
434 1420 579 1482 ‘quod
593 1453 619 1483 ‚.
637 1427 843 1467 mortuo*
866 1420 1067 1481 Codro,
1103 1420 1422 1478 dissensiones
1451 1418 1559 1465 ori-

187 1505 369 1548 rentur
405 1496 538 1544 inter
574 1490 686 1544 eius
710 1495 837 1545 filios
862 1497 924 1544 de
948 1498 1058 1545 iure
1081 1498 1218 1560 patri
1244 1495 1528 1545 succedendi
1543 1529 1560 1556 ,

189 1590 352 1641 quae,
381 1589 499 1620 cum
524 1574 747 1635 primum
773 1575 1006 1636 privatim
1035 1575 1345 1637 agitarentur
1362 1606 1387 1635 ,.
1415 1574 1562 1620 dein-

188 1667 308 1715 ceps
346 1651 413 1698 in¹
447 1649 623 1697 turbas
662 1650 830 1698 civiles
857 1651 1178 1712 exarserunt,
1209 1650 1560 1713 populumque

190 1731 246 1779 in
285 1726 532 1777 factiones·
567 1727 839 1776 diviserunt
853 1734 896 1789 ,⁸
923 1728 1080 1775 altero
1122 1735 1296 1776 contra
1346 1727 1560 1775 alterum

189 1823 330 1856 arma
363 1806 586 1863 ferente3
623 1806 707 1852 cui
750 1806 956 1867 utrique
994 1806 1127 1852 malo
1156 1813 1217 1852 ut
1242 1806 1557 1864 mederetur,

191 1887 376 1936 civitas.
415 1882 698 1944 constituit,
742 1890 801 1931 ut
835 1882 1027 1932 Neleus
1065 1883 1249 1946 aliique
1284 1883 1436 1931 Codri
1471 1880 1562 1929 filii

179 1981 313 2012 -cum
348 1961 600 2024 superflua
626 1961 713 2007 illa
739 1960 919 2008 Ionum
947 1961 1268 2009 multitudine
1303 1961 1361 2007 in
1395 1958 1561 2007 Aliam

194 2042 439 2091 minorem
483 2034 949 2102 proficiscerentur,
982 2039 1151 2103 ibique
1178 2039 1395 2087 colonias
1438 2055 1567 2086 con·-

195 2121 370 2168 derent
411 2117 567 2181 (165).
635 2116 775 2164 Haec
810 2118 1065 2181 emigratio
1095 2117 1309 2164 maxima
1340 2116 1442 2164 fine
1464 2116 1566 2163 du-

197 2196 283 2244 bio
312 2196 440 2255 fuit,
473 2209 623 2255 quam
652 2209 873 2255 unquam
909 2180 1100 2243 viderit
1118 2193 1348 2242 Graecia.
1418 2193 1567 2241 Mul-
1596 2229 1603 2237 .-

1529 2268 1569 2315 ti

253 2465 384 2517 (162)
412 2464 576 2504 STRAno
600 2462 729 2508 xm,
759 2474 799 2511 p.
826 2461 900 2508 872
928 2461 1008 2510 seq.

258 2526 389 2579 (163)
414 2526 512 2566 Vide
537 2533 719 2566 auctores
747 2524 857 2573 supra
886 2522 1060 2562 laudatos
1087 2533 1170 2563 not.
1202 2532 1286 2572 155.
