1787 3205
227 232 256 263 2
475 215 574 265 DE
609 214 854 265 COLON
855 215 940 264 IIS
975 215 1165 266 VETE
1172 215 1346 266 RUM.

226 382 345 423 tura
370 382 422 423 et
446 375 760 440 navigatione
786 375 1095 425 Phoenicum
1111 406 1137 438 ,·
1170 377 1306 441 quod
1343 375 1401 424 in
1426 374 1604 439 primis

228 453 557 501 necessarium
595 454 747 519 duxi,
786 470 957 517 „quum
997 455 1089 502 hae
1113 471 1229 503 oum
1260 470 1437 502 eorum
1465 454 1606 501 colo-

230 532 331 578 niis
364 538 465 579 tam
493 539 629 579 arcte
669 532 994 591 cohaereant,
1041 515 1101 579 ut
1130 532 1190 579 de
1226 532 1302 580 his
1331 548 1434 580 non
1463 531 1607 579 facile

232 615 522 656 accuratum
559 607 844 655 instituatur
879 609 1157 669 iudicium,
1199 608 1262 656 ab
1292 609 1355 662 iis
1371 642 1387 670 ,
1422 610 1542 674 qui
1537 608 1607 655 il-

229 684 394 733 larum
423 701 596 733 rerum
625 684 804 768 notitia
834 685 950 733 sunt
978 686 1231 761 imparati.
1643 674 1645 676 ’

865 840 887 901 §
936 855 956 886 1
969 873 981 885 .
1026 860 1029 863 ·

335 989 421 1039 De
460 991 528 1039 M
527 1000 777 1040 ereatura
803 993 1133 1056 navigatione
1165 992 1501 1040 Phoenicum.

307 1145 447 1191 Inter
466 1159 677 1205 40mneS,
705 1152 953 1206 quotquot
976 1144 1186 1193 fuerunt
1208 1146 1262 1191 in
1289 1144 1494 1206 antiquo
1520 1159 1608 1190 or-
1664 1205 1667 1207 .

237 1220 297 1267 be
312 1255 328 1281 ‚
355 1220 572 1282 populos
587 1255 601 1281 ‚
631 1222 719 1283 qui
746 1228 1055 1269 mercaturae
1079 1228 1129 1269 et
1152 1221 1457 1284 navigationi
1482 1236 1608 1282 ope-

236 1313 345 1343 ram
371 1297 645 1355 dederunt,
665 1297 795 1343 nulli
825 1298 938 1344 sane
966 1299 1203 1358 fuerunt,
1231 1298 1266 1343 fi
1285 1297 1572 1343 latisfimum
1590 1331 1607 1356 ,

239 1392 336 1438 quo
351 1391 437 1422 eas
447 1380 806 1422 excercuerunt
819 1408 834 1435 ‚
853 1390 1082 1437 campum
1097 1410 1112 1436 ,
1137 1373 1278 1421 fimul
1303 1391 1418 1421 cum
1438 1389 1610 1421 earum

236 1452 520 1499 celebritate
546 1459 596 1498 et
621 1452 958 1514 perfectione,
986 1453 1047 1496 ad
1077 1468 1224 1513 quam
1251 1468 1330 1497 eas
1359 1453 1613 1512 perduxe-

234 1536 385 1589 runt,
412 1529 714 1590 spectemus,
748 1528 836 1590 qui
853 1528 1191 1575 Phoenicibus
1218 1528 1432 1589 palmam
1461 1542 1613 1589 prae-

236 1605 406 1666 ripere
437 1606 652 1666 possent.
726 1605 872 1651 Licet
903 1606 1035 1651 enim
1067 1606 1397 1667 navigationis
1434 1606 1615 1651 inven-

166 1739 169 1741 Α
236 1681 391 1728 tionis
423 1681 588 1727 honor
621 1678 877 1743 Aegyptiis
909 1680 1191 1741 tribuatur,
1213 1680 1504 1747 *Phoenices
1524 1687 1614 1727 >ta-

235 1772 370 1805 men‘
395 1756 502 1804 fine*
539 1757 678 1804 omni
725 1756 877 1804 dubio
917 1758 1073 1820 primi
1106 1773 1199 1820 per
1237 1772 1373 1805 mare
1405 1756 1612 1819 naviga-

236 1840 393 1894 runt,'
440 1841 490 1881 et
517 1834 878 1897 navigationem
914 1833 1262 1896 instituerunt,
1300 1841 1360 1881 ut
1386 1849 1444 1881 ea
1471 1849 1611 1886 mer-

237 1919 437 1959 caturae
469 1911 747 1961 :inserviret
800 1913 902 1975 (1),
954 1928 1069 1961 cum
1123 1929 1152 1960 e
1205 1911 1454 1960 contrario
1505 1910 1610 1960 Ae-

1476 2005 1611 2054 gyp-

286 2217 368 2270 (ι)
393 2220 636 2259 D1oo.-1s'1c.v
656 2220 708 2261 V.
734 2234 800 2263 20.
863 2221 955 2274 (ed.
981 2224 1244 2276 Wesselingii)
1266 2225 1425 2266 scribit:
1460 2222 1615 2271 Φοίνι-

238 2307 310 2343 κες
344 2291 392 2335 ἐκ
436 2290 644 2337 παλαιῶν
680 2288 856 2355 χρόνων
890 2295 1077 2356 συνεχῶς
1112 2298 1319 2352 πλέοντες
1346 2296 1441 2345 κατ’
1475 2303 1612 2361 ἔμπο-

237 2367 365 2428 ρίαν,
397 2364 567 2423 πολλὰς
589 2373 672 2429 μὲν
697 2366 815 2415 κατὰ
838 2367 920 2427 τὴν
935 2369 1117 2432 Λιβύην
1144 2369 1353 2431 ἀποικίας
1377 2374 1612 2425 §nodamus-

235 2461 314 2498 το,
344 2440 424 2489 οὒκ
454 2441 607 2505 ὀλίγας
632 2448 680 2505 ἑὲ
701 2451 780 2493 καὶ
803 2448 883 2505 τῆς
896 2475 899 2478 >
912 2446 1131 2512 Εὐρώπης
1162 2453 1209 2499 ἐν
1232 2456 1325 2508 τοῖς
1351 2451 1465 2517 πρὸς
1485 2450 1610 2503 δύσιν

235 2524 505 2582 κεκλιμένοις
547 2526 710 2587 μέρεσι,
794 2532 866 2574 Cf.
893 2534 1131 2584 vaurms,
1162 2536 1194 2577 1.
1219 2535 1283 2577 El.
1309 2547 1349 2588 7.
1377 2549 1442 2581 vs.
1467 2551 1532 2582 20.
