1787 3205
218 163 311 211 156
469 162 566 211 DE
602 159 928 215 COLONHS
962 136 1327 219 νΕΤΕΒυΜ.

211 319 302 368 sub
341 320 553 383 persona
590 321 837 385 Scipionis
878 323 1051 384 docet,
1086 321 1357 371 Romulum
1372 353 1389 382 ‚
1422 326 1480 370 ut
1509 318 1574 365 ab

211 397 355 443 initio
398 405 449 444 et
494 399 672 446 deinde
713 399 856 446 fimul
897 415 1018 446 cum
1052 398 1234 461 Tatio„
1273 399 1345 445 ita
1382 411 1440 442 eo
1487 397 1573 441 in-

212 472 420 522 terfecto
468 476 629 524 multo
668 477 815 524 etiam
852 477 1005 539 magis
1040 477 1335 524 auctoritate
1367 467 1575 522 Patrum

214 558 266 598 et
302 551 506 601 consilio
546 555 797 617 regnass03
835 568 863 600 »
884 568 997 600 cum
1027 552 1215 602 videret
1242 553 1330 615 (ita
1363 550 1578 615 pergit),

216 644 246 676 2>
269 629 504 693 fingulari
543 632 751 692 imperio
777 638 827 678 et
861 637 1105 693 potestate
1131 630 1266 693 regia
1284 663 1301 690 ,
1333 637 1443 676 tum
1466 643 1577 675 me-

215 721 245 753 »
264 705 365 753 lius
388 706 690 771 gubernari,
724 715 774 755 et
803 707 907 771 regi
937 708 1158 757 civitates
1173 741 1189 770 ‚
1226 706 1263 755 fi
1286 705 1410 755 esset
1437 705 1575 767 opti-

212 799 242 831 »
262 785 333 831 mi
379 786 623 847 cuiusque
667 786 729 833 ad
776 785 912 833 illam
934 786 1052 836 *vim
1094 784 1444 837 dominationis
1487 781 1582 848 ad*-

213 876 242 909 2)
264 861 439 911 iuncta
485 862 811 911 auctoritas.”
877 862 946 910 Et
991 863 1217 926 quamvis
1263 860 1414 909 tradit
1448 858 1579 907 idem

214 933 388 986 Cicero
406 973 424 1001 ,
470 940 657 988 Romae
677 974 694 1001 ,
739 956 840 1002 quo
881 946 1106 1002 tempore
1136 954 1273 1002 reges
1316 942 1459 985 erant
1473 970 1489 998 ,
1523 942 1583 987 ut

212 1015 270 1082 in
316 1017 457 1064 om'ni
502 1017 599 1064 alia
635 1016 928 1080 republica,
978 1015 1067 1064 ubi
1117 1023 1191 1063 est
1230 1030 1361 1063 unus
1403 1011 1583 1074 aliquis

218 1099 470 1154 perpetua
511 1100 752 1155 potestate
765 1126 782 1153 ,
815 1094 1008 1155 regium
1047 1107 1228 1139 nomen
1266 1089 1545 1156 excelluisse
1560 1122 1579 1150 ,
1657 1137 1666 1147 ‚

215 1168 501 1231 regiamque
537 1176 829 1230 potestatem
872 1169 1011 1215 omni
1050 1168 1146 1215 alia
1180 1169 1439 1219 eminuisse
1454 1202 1470 1228 ‚
1506 1167 1584 1214 se-

220 1245 367 1298 natui
414 1251 580 1292 tamen
616 1252 667 1293 et
712 1244 901 1308 populo
934 1245 1070 1293 suam
1100 1245 1280 1309 cuique
1307 1244 1585 1293 auctorita-

222 1332 325 1370 tem
350 1323 531 1370 tribuit
562 1330 611 1369 et
640 1330 933 1386 potestatem
959 1323 1116 1386 (525).
1182 1322 1279 1370 Se'd
1323 1322 1444 1386 quid
1474 1337 1586 1368 am-

222 1399 359 1462 plius
415 1399 610 1446 solliciti
659 1399 839 1460 Ιὶωιιε,
895 1415 1052 1461 quum
1096 1399 1335 1461 exempla,
1363 1397 1588 1462 prostent

216 1474 348 1525 bene
377 1475 573 1528 multa?
642 1475 771 1523 Nam
817 1491 879 1522 ex
914 1475 1132 1524 Patrum
1161 1476 1362 1524 confilio
1392 1476 1589 1531 Romu-

218 1552 302 1602 lus
360 1552 544 1615 legatos
604 1551 733 1599 circa
797 1553 984 1602 vicinas
1050 1561 1218 1615 gentes
1275 1552 1403 1601 mifit
1417 1586 1433 1612 ‚
1497 1552 1587 1614 qui

219 1629 500 1678 societatem
548 1627 951 1689 connubiumque
1011 1644 1141 1679 novo
1202 1629 1392 1691 populo
1441 1635 1588 1691 pete-

216 1712 333 1754 rent
366 1706 525 1769 (526).
596 1704 678 1751 De
714 1711 865 1766 raptu
902 1703 1199 1769 Sabinarum
1235 1706 1482 1769 virginum
1524 1706 1587 1754 ad

187 1779 189 1783 ’
218 1783 442 1831 senatum
478 1781 652 1831 retulit
696 1781 851 1842 (527).
921 1780 987 1827 Et
1028 1781 1301 1829 Romulum
1336 1783 1485 1829 etiam
1525 1782 1590 1832 de

217 1858 422 1906 coloniis
462 1856 725 1905 condendis
764 1857 987 1904 senatum
1017 1859 1312 1907 consuluisse
1328 1893 1346 1920 ,
1392 1866 1583 1907 testan-

220 1945 309 1983 tur
337 1936 588 1995 coloniae,
628 1935 683 1981 in
711 1933 860 1995 urbes
897 1933 1267 1983 Caeninenfium
1299 1943 1350 1997 et
1374 1934 1587 1983 Antem-

223 2011 417 2060 natium
461 2011 638 2062 ductae
682 2010 841 2077 (528).
929 2009 1144 2074 Regibus
1187 2020 1354 2067 autem
1400 2015 1592 2062 exactis-

1497 2107 1587 2140 ρο..

270 2195 400 2248 (325)
427 2197 604 2236 thssno
630 2197 674 2235 de
700 2185 858 2246 Republ.
889 2197 945 2238 ΙΙ.
968 2207 1015 2246 23
1040 2206 1079 2237 et
1105 2199 1171 2238 28.

270 2256 400 2307 (326)
429 2255 596 2296 va1us
624 2256 657 2295 1.
684 2266 726 2304 9.

273 2315 407 2369 (327)
434 2318 573 2358 onm.
598 2327 699 2358 ΗΜ..
728 2315 784 2356 11.
812 2328 879 2365 30.

272 2380 400 2429 (328)
428 2381 564 2420 Dion.
591 2390 688 2418 nm..
720 2378 776 2418 ΙΙ.
802 2389 867 2428 35.
922 2379 1037 2421 Hunc
1057 2394 1207 2422 morem
1235 2383 1383 2422 senatus
1405 2382 1440 2418 in
1464 2382 1593 2431 publi-

222 2443 277 2483 cis
306 2442 422 2481 rebus
448 2440 680 2481 consulendi
701 2439 885 2489 deinceps
905 2453 927 2479 a
945 2443 1099 2489 regibus
1121 2453 1313 2482 retentum
1338 2441 1461 2482 fuisse
1475 2469 1490 2490 ,
1511 2443 1588 2482 dis·

224 2515 288 2548 cas
311 2514 360 2543 ex
387 2512 604 2543 mom-sm
630 2513 729 2542 um..
758 2501 835 2542 111.
866 2503 936 2549 16,
965 2505 1039 2550 26,
1062 2506 1135 2551 28,
1157 2515 1199 2554 3¹
1217 2532 1230 2552 ,
1254 2512 1335 2543 etc.
