1787 3205
263 188 356 234 108
514 187 612 235 DE
644 176 987 234 COLONHS-
1009 144 1385 236 VETERUM.

188 411 190 413 ‚
260 367 309 397 τε
347 343 461 414 εἶναι
496 352 575 395 καὶ
613 346 674 396 τὰ
708 345 859 397 εἰκότα
895 346 1231 412 θαυμάζεσθαι
1244 347 1411 411 (260).
1469 344 1635 395 Atta-

260 428 377 471 men
407 424 528 471 haec
549 417 702 472 verba
733 426 900 478 minus
932 425 1383 489 de³principati1>et
1405 425 1467 473 'de
1489 426 1656 475 inde-.

262 502 530 550 terminato
555 503 766 565 imperio
786 498 1125 564 metropoleos
1141 537 1157 564 ‚
1190 504 1341 565 quam
1367 504 1428 550 de
1454 510 1635 551 aucto-.-

263 577 414 625 ritate
455 579 770 640 intelligenda
792 580 908 626 funt
954 580 1107 643 (261).
1168 580 1308 627 ‘Sunt
1329 581 1511 641 etiam,·
1543 580 1634 643 qui

261 656 485 702 colonias
512 655 728 702 Graeca-s
758 657 1022 718 metropoli
1051 650 1288 704 subiectas
1328 653 1630 724 fuissez'ideo

261 734 600 793 contendant,
633 733 767 795 quod
794 733 1102 781 coloniarum
1137 736 1456 798 magistratus
1479 750 1508 780 a
1530 749 1633 781 me-

259 811 450 874 tropoli
489 810 680 858 fuerint
720 809 950 860 instituti.
1018 812 1088 859 Et
1140 807 1253 859 sane
1307 812 1399 876 hoc
1424 802 1635 858 “factum

259 888 411 936 fuisse
464 889 628 936 multa
679 890 905 953 exempla
941 898 1176 954 arguunt.
1244 890 1329 938 -De
1362 889 1630 950 Potidaea,

259 967 635 1014 Corinthiorum
663 967 885 1028 colonia,
913 969 1008 1021 hoc
1040 968 1254 1015 affirmat
1281 967 1593 1031 Thucydides
1613 1001 1629 1027 ‚

260 1045 350 1106 qui
368 1044 686 1091 Athenienses
712 1045 864 1090 tradit
876 1045 1183 1091 Potidaeatas
1208 1044 1426 1091 iussisse:
1457 1044 1561 1102 τοὺς
1583 1063 1633 1092 τε
1692 1078 1695 1080 »

243 1122 627 1187 ’ἕπιδημιουργοὺς
652 1128 909 1184 ἐκπέμπειν,
938 1131 1016 1172 καὶ
1038 1113 1250 1172 τολοιπόν
1285 1122 1351 1185 μὴ
1389 1126 1632 1186 δέχεσθαιῑ

254 1197 332 1257 οὓς
363 1198 482 1247 κατὰ
511 1201 606 1254 ἔτος
635 1203 798 1254 ἕκαςον
825 1202 1064 1264 Κορίνθιοι
1093 1202 1289 1262 ἔπεμπον
1321 1197 1475 1260 (262).
1524 1197 1627 1259 Cy-

251 1276 395 1322 thera
417 1274 707 1337 ,quotannis
748 1290 777 1319 a
818 1275 1085 1336 metropoli
1119 1275 1489 1333 Lacedaemone
1514 1288 1626 1319 ma-

251 1353 514 1416 gistratum
558 1351 738 1397 adius
783 1351 1040 1397 dicendum
1059 1384 1073 1411 ,
1104 1353 1443 1418 Κυθηροδὶκην,
1482 1365 1627 1397 acce-

255 1431 335 1492 pit
369 1429 527 1490 (265).
599 1428 668 1474 Et
708 1427 953 1489 Epidauri
991 1429 1155 1475 coloni
1191 1429 1244 1475 in
1282 1429 1443 1475 insula
1471 1426 1628 1491 Aegi-

252 1522 322 1555 na
365 1506 622 1568 Epidauro
672 1505 836 1552 causas
880 1506 989 1552 fuas
1031 1505 1367 1552 diiudicandas
1394 1506 1626 1552 commit-

251 1593 359 1631 tere
386 1582 629 1630 debebant
661 1581 815 1645 (264).
887 1581 1030 1640 Quae
1061 1582 1274 1640 licetita
1302 1581 1425 1642 fint,
1457 1598 1520 1629 ne
1544 1590 1626 1657 ta-

1506 1674 1625 1706 men

297 1875 426 1929 (260)
456 1875 594 1916 Tnuc.
626 1875 659 1914 Ι.
687 1874 757 1922 38.
1370 1918 1374 1921 η

297 1950 427 2003 (261)
460 1950 566 1987 Haec
604 1949 717 1987 etiam
745 1956 795 1986 eo
831 1946 1132 1997 confirmantur,
1163 1946 1272 1997 quod
1304 1946 1366 1986 hic
1410 1936 1627 2000 ἡγεμόνες

244 2008 359 2060 εἶναι
404 2015 656 2063 coniungitur
700 2024 788 2053 cum
822 2005 1180 2069 θαυμάζεσθαι,
1207 2014 1318 2064 quod
1346 2012 1397 2051 de
1426 2012 1625 2051 consuetis

244 2086 483 2130 honoribus,
507 2096 527 2122 a
551 2082 723 2123 coloniis
746 2082 957 2131 metropoli
979 2080 1211 2131 praestandis
1229 2079 1520 2129 intelligendum
1542 2089 1617 2118 est.

244 2147 348 2186 Tum
377 2156 472 2184 vero
498 2155 778 2186 'ruocvnmssm
809 2143 841 2181 Ι.
867 2156 933 2193 94.
970 2135 1213 2198 ἡγεμονίαν
1262 2143 1446 2189 vocasse,
1483 2142 1620 2192 quod,

242 2214 295 2254 de
323 2212 454 2252 eadem
482 2223 524 2250 re
546 2212 712 2261 loquens
730 2240 742 2259 ‚
765 2212 885 2260 pauno
906 2221 998 2261 post
1026 2210 1127 2251 dixit
1154 2205 1423 2269 ςρατηγίαν,
1452 2209 1623 2250 animad-

205 2306 208 2309 >
242 2282 364 2322 vertit
386 2291 679 2328 ετΗΕΡΗΛΝυε,
706 2290 821 2328 quem
847 2290 1039 2320 nunnus
1063 2279 1190 2319 laudat
1213 2281 1257 2318 ad
1281 2281 1321 2319 h.
1343 2281 1374 2321 1.
1413 2279 1456 2319 In
1481 2288 1621 2328 poste·

240 2343 331 2383 riori
349 2352 477 2383 autem
498 2344 593 2382 loco
620 2336 839 2400 ςρατηγία
870 2337 1099 2400 τυραννίδι
1133 2343 1362 2392 opponitur.

286 2409 427 2462 (262)
455 2410 589 2452 Tune.
623 2411 657 2450 Ι.
682 2412 746 2460 56.

293 2472 423 2523 (263)
453 2473 593 2513 Tauc-
622 2474 693 2514 IV.
720 2483 788 2522 53.

291 2533 422 2589 (264)
454 2534 712 2577 Hssnonorus
742 2535 795 2574 V.
830 2534 892 2583 83.
