1787 3205
144 184 188 225 f
224 207 289 253 26
479 204 577 254 DE
614 185 942 256 coLoan
977 198 1345 262 νΕΤΕΒυΜῤ

294 366 466 415 Huius
513 367 808 417 diverfitatis
850 370 1094 429 rationem
1135 372 1284 434 supra
1325 372 1423 419 iam
1461 371 1597 419 indi-

228 445 367 504 cavi,
417 443 559 490 fitum
620 445 799 493 scilicet
843 447 1151 494 coloniarum
1201 455 1303 495 tam
1345 449 1526 511 procul
1568 464 1599 494 a

228 522 494 586 metropoli
517 523 786 572 Phoenices
827 526 1160 588 impedivisse,
1208 527 1474 587 quominus
1509 540 1609 573 co—·

226 602 388 649 Ionias
434 601 523 649 sub
567 602 784 663 imperio·
809 604 1098 650 retinerent.
1160 602 1300 649 Hinc
1345 604 1596 665 coloniae,

233 696 363 743 quae
406 680 674 742 metropoli
706 681 860 744 magis
904 689 1046 729 erant
1077 682 1297 742 vicinae,
1333 682 1381 728 ei
1414 681 1602 728 fortas-

233 758 282 804 se
339 756 581 804 subiectae
644 757 882 820 fuerunt,
937 766 996 806 ut
1058 744 1258 822 Cyprus
1280 793 1295 821 ,
1362 757 1598 819 Rhodus,

233 834 383 882 Creta
425 843 519 882 ete.
603 835 854 899 Tempore
910 838 1075 884 saltem
1140 853 1238 900 quo
1299 836 1603 883 Salmanalar

236 911 555 975 Assyriorum
585 928 675 960 rex
698 914 1029 962 Phoenicibus
1058 914 1243 962 bellum
1276 914 1477 975 intulit,
1497 912 1603 975 *Cy-

236 992 324 1053 pri
362 992 587 1040 civitates
629 1000 804 1039 contra
840 993 1023 1055 Tyrios
1065 993 1398 1052 rebellarunt,
1444 1006 1604 1053 neque

238 1068 302 1115 ab
343 1069 436 1117 hoc
478 1077 704 1133 tempore
742 1072 787 1118 ei
829 1071 1042 1133 amplius
1076 1071 1316 1118 subiectae
1344 1069 1495 1126 fuisse
1525 1069 1606 1116 vi-‘

238 1147 451 1208 dentur,
488 1150 713 1210 quamvis
756 1150 985 1210 deinceps
1022 1146 1288 1195 arctisfimo
1316 1149 1465 1195 etiam
1489 1147 1606 1195 vin-
1682 1206 1684 1210 y

237 1224 352 1272 culo
382 1241 498 1272 cum
531 1225 701 1288 Tyriis
730 1227 1020 1274 coniunctae
1049 1225 1255 1273 fuerint.
1294 1253 1361 1262 -
1395 1223 1608 1272 Tametsi

237 1317 361 1349 vero
413 1302 682 1365 pleraeque
739 1303 959 1349 coloniae
1014 1303 1344 1362 Phoenicum⁴
1387 1301 1607 1348 civitates

238 1379 431 1426 fuerint
457 1379 644 1426 liberae
663 1415 677 1440 ,
722 1388 772 1427 et
815 1381 950 1427 suam
996 1380 1262 1427 habuerint
1301 1377 1606 1441 reipublicae

243 1456 484 1517 formam,
519 1457 638 1503 haec
682 1464 847 1505 tamen
887 1458 950 1504 ad
990 1458 1270 1520 exemplum
1302 1455 1608 1518 'metropolis

244 1534 349 1581 sere
390 1541 497 1581 erat
526 1534 791 1582 informata
809 1569 824 1595 ,
877 1535 994 1581 adeo
1036 1544 1095 1582 ut
1126 1551 1303 1598 magna
1331 1534 1452 1581 esset
1478 1534 1609 1579 inter

247 1611 466 1658 colonias
502 1618 567 1673 et>
591 1612 889 1674 metropolin
933 1613 1024 1658 hac
1067 1614 1121 1658 in
1158 1628 1213 1658 re
1248 1610 1606 1659 convenientia.

243 1688 350 1737 Nec
374 1689 578 1737 mirum.
649 1689 710 1736 In
738 1690 994 1753 plerisque
1021 1692 1152 1737 enim
1192 1687 1505 1752 regionibus,
1549 1687 1612 1733 ad

248 1782 370 1830 quas
422 1767 728 1829 appulerunt
773 1767 1073 1828 Phoenices,
1116 1763 1313 1828 ingenia
1355 1773 1405 1813 et
1449 1779 1613 1811 mores

247 1846 307 1892 ad
331 1845 568 1891 maiorem
613 1845 821 1907 gradum
860 1844 1025 1891 cultus
1060 1845 1285 1891 nondum
1320 1849 1463 1890 erant
1491 1858 1613 1904 per-

248 1923 413 1982 ducti,
451 1937 615 1983 neque
654 1923 706 1968 in
755 1923 815 1968 iis
860 1929 994 1969 certa
1026 1922 1281 1984 regiminis
1328 1919 1490 1966 forma
1532 1919 1615 1965 lo-

251 2015 367 2045 cum
410 1997 635 2045 habebat.
707 1999 882 2045 Coloni
922 2007 1087 2045 autem
1130 2014 1190 2044 ex
1222 1999 1388 2060 patria
1424 1996 1612 2043 cultum

249 2076 413 2123 secum
438 2074 732 2136 ducebant,
782 2077 1089 2139 civitatisque
1124 2075 1334 2123 formam
1368 2074 1617 2122 informa—

249 2154 389 2201 bant.
461 2153 595 2212 Quid
622 2170 741 2202 vero
773 2155 847 2199 rei
872 2162 1080 2200 naturae
1122 2155 1274 2216 magis
1318 2160 1392 2200 est
1432 2169 1617 2199 conve-

251 2234 427 2291 nienS,
475 2247 622 2292 quam
668 2247 750 2275 eos
792 2231 1010 2276 coloniae
1055 2231 1359 2292 reipublicae
1402 2232 1617 2293 patriam

257 2311 469 2357 formam
511 2308 772 2367 iribuisfe,
810 2309 892 2353 cui
925 2309 1101 2355 aslueti
1130 2316 1273 2355 erant
1299 2308 1420 2369 (42).
1456 2335 1523 2343 —
1586 2322 1589 2324 ·

1519 2382 1621 2446 Age

311 2553 414 2608 (42)
455 2554 626 2594 Eandem
660 2554 798 2604 agendi
840 2554 1024 2593 ratic-nem
1060 2552 1294 2592 recentiores
1334 2550 1467 2602 populi
1502 2550 1626 2591 secuti

1522 2614 1622 2651 sunt.
