1787 3205
206 204 269 251 62
380 276 383 279 .
464 206 559 254 DE
596 206 924 254 COLONIIS
962 191 1327 264 VETERUM.

845 368 949 431 51.

344 518 428 565 De
475 519 668 582 causis,
712 521 772 567 ob
818 538 948 585 quas
997 521 1189 571 Graeci
1218 524 1443 572 colonias
1487 554 1490 556 -

740 600 1038 662 emiserunt.

282 751 419 799 Sicut
467 754 602 814 apud
646 752 858 814 singulos
912 754 1137 801 homines
1203 754 1310 801 suas
1353 769 1578 816 quaeque

216 836 350 873 aetas
391 829 536 875 habet
566 831 904 890 necesfitateS,
935 839 984 877 et
1022 847 1115 891 pro
1142 831 1277 877 varia
1307 846 1393 890 ea,
1429 830 1578 877 variis

214 906 482 951 commodis
542 907 757 969 indiget,
805 895 929 955 idem
973 908 1107 968 apud
1163 910 1329 970 gentes
1372 905 1577 953 obtinet.

209 981 272 1028 In
330 983 613 1031 civitatibus
669 993 891 1031 recenter
948 986 1133 1031 exortis
1183 984 1584 1033 institutaride-

214 1075 357 1119 muS,
391 1077 517 1122 quae
559 1061 841 1109 civitatibus
884 1062 1178 1109 cultioribus
1207 1077 1269 1109 ne
1295 1062 1452 1108 dicam
1484 1077 1583 1121 no-

212 1138 323 1196 xia,
373 1139 537 1184 saltem
580 1134 775 1187 inutilia
814 1140 964 1199 plane
1008 1139 1192 1185 forent.
1275 1138 1409 1184 Hinc
1448 1139 1584 1200 apud

211 1230 365 1260 unam
409 1215 713 1276 eandemque
750 1223 938 1277 gentem
964 1250 978 1275 ,
1031 1231 1124 1281 pro
1171 1215 1406 1261 varietate
1452 1222 1586 1261 tem-

210 1292 380 1352 poriS,
417 1292 583 1337 varios
621 1292 1055 1338 animadvertimus
1083 1302 1245 1337 mores
1269 1325 1284 1351 ,
1325 1292 1466 1338 varia
1499 1292 1584 1337 in-
1660 1344 1665 1347 ³

214 1368 382 1414 stituta
399 1402 413 1427 ,
441 1376 490 1413 et
516 1369 629 1414 hinc
658 1370 796 1414 varia
822 1370 1019 1416 confilia
1043 1371 1331 1432 variamque
1359 1370 1586 1432 pruden-

214 1446 329 1491 tiam
363 1446 554 1493 civilem
577 1481 591 1506 ,
628 1447 758 1507 quod
802 1454 908 1492 tum
941 1448 995 1493 in
1025 1448 1258 1493 omnibus
1286 1448 1461 1493 ceteris
1492 1462 1585 1492 ne-

212 1523 358 1584 gotiis
379 1557 394 1583 ,
423 1530 531 1569 tum
571 1524 713 1569 etiam
747 1524 798 1569 in
830 1539 912 1583 re,
957 1511 1102 1586 quam
1134 1531 1436 1584 tractamus,
1462 1539 1587 1570 con-

213 1598 462 1661 spicimus·
1086 1605 1089 1607 ’

210 1708 212 1711 v
279 1676 649 1737 Antiquisfimis
709 1676 1015 1739 temporibus
1075 1678 1224 1739 plura
1274 1678 1325 1723 in
1373 1675 1583 1723 Graecia

216 1755 434 1801 colonias
465 1754 638 1800 *condi
689 1754 966 1814 iusserunt,
1027 1771 1152 1816 quae
1204 1755 1373 1800 seriori
1427 1761 1584 1800 aetate

216 1833 294 1888 iis2
328 1833 490 1878 ansam
544 1831 659 1876 dare
714 1831 928 1892 amplius
971 1848 1071 1877 non
1135 1838 1398 1893 poterant3
1463 1837 1513 1876 et
1556 1846 1584 1876 e

220 1910 474 1971 contrario
528 1909 618 1954 hac
685 1916 877 1968 aetate,
954 1924 1052 1969 qua
1107 1908 1371 1969 prudentia
1427 1907 1585 1955 civilis

219 1988 374 2048 magis
403 1985 558 2031 excoli
598 1986 878 2047 inceperat,
923 1986 1072 2047 plura
1104 1986 1305 2032 confilia
1330 1985 1582 2048 ingenium

222 2063 557 2125 excogitabat,
601 2064 866 2109 secundum
907 2080 1032 2124 quae
1071 2064 1290 2109 coloniae
1316 2063 1585 2130 prudenter

217 2142 613 2199 deducerentur,
650 2157 775 2202 quae
820 2142 932 2187 rudi
973 2157 1093 2188 aevo
1141 2156 1204 2186 ne
1245 2141 1435 2203 percipi
1469 2141 1587 2203 qui-

219 2220 326 2265 dem
359 2225 605 2278 poterant.
1358 2277 1361 2280 ,

290 2294 580 2340 Videbimus
608 2294 734 2337 enim
753 2326 766 2350 ,
795 2295 1072 2354 antiquitus
1092 2293 1304 2340 colonias
1322 2293 1588 2340 secundum

224 2373 355 2430 aiia,
403 2387 552 2432 quam
592 2370 825 2430 deinceps
872 2369 1021 2415 fuisse
1061 2370 1319 2429 deductas,
1370 2368 1584 2415 confilia.

223 2449 366 2496 Licet
407 2457 572 2496 tamen
613 2448 705 2494 hoc
756 2462 857 2493 non
902 2462 959 2493 eo
1000 2447 1184 2507 valeat,
1223 2463 1279 2493 ac
1321 2445 1355 2493 fi
1395 2446 1588 2494 nuHum

225 2529 419 2590 antiqui
446 2528 682 2588 temporis
715 2525 1088 2587 supermanserit
1110 2525 1394 2588 vestigium,
1425 2540 1590 2587 neque

1446 2604 1591 2648 dein-
