1787 3205
417 204 515 252 DE
548 202 875 255 COLONIIS
902 198 1284 255 VETERUM.
1481 217 1547 264 29

171 362 315 411 ratio.
349 364 414 397 -'—
445 361 524 409 De
559 361 787 411 Tartesfo
826 369 1040 409 testatur
1074 361 1396 421 Herodotus,
1434 366 1546 405 tra-

172 439 293 501 dens
341 438 591 487 Phocaeos
637 457 696 488 eo
738 440 924 489 venisse
960 446 1009 486 et
1054 439 1263 502 benigne
1318 437 1381 484 ab
1434 436 1546 482 eius

169 530 284 578 rege
312 513 649 579 Arganthonio
679 518 831 566 fuisse
878 523 1109 580 exceptos
1127 549 1144 578 ,
1189 517 1277 578 qui
1316 516 1413 561 iam
1453 528 1548 559 oc-

171 593 363 655 toginta
404 610 561 642 annos
605 595 675 641 ibi
706 602 996 659 regnaverat
1027 593 1150 657 (51).
1223 592 1387 639 Gades
1422 604 1542 638 vero

167 668 467 733 reipublicae
493 672 677 720 liberae
704 671 912 720 formam
941 672 1226 719 habuerunt
1254 670 1376 734 (52).
1424 667 1543 715 Ma-

166 748 298 794 xima
311 786 318 795 ,»
345 750 512 795 au'tem
565 749 822 796 invenitur
867 749 1216 796 convenientia
1258 748 1390 794 inter
1429 745 1545 792 for-

165 839 296 871 mam
325 825 539 872 civitatis
580 824 708 885 Tyri
744 833 793 873 et
825 824 1154 887 Carthaginis.
1228 823 1372 871 Initio
1400 822 1539 872 enim

164 900 293 947 hanc
321 901 512 962 regium
530 901 795 962 imperium
825 900 1049 947 habuisse
1065 935 1081 961 ,
1107 917 1171 947 ex
1195 901 1254 946 iis
1270 934 1285 960 ‚
1331 914 1457 961 quae
1480 899 1542 945 de

166 976 364 1023 Didone
409 976 706 1037 traduntur,
754 975 883 1024 effici
918 977 1064 1036 solet3
1108 977 1332 1024 nondum
1376 982 1543 1022 tamen

164 1053 276 1101 satis
304 1051 522 1115 constat,
562 1070 685 1101 num
721 1054 1154 1101 indeterminatum
1192 1054 1320 1101 illud
1352 1053 1538 1114 fuerit,

165 1132 241 1177 uti
270 1122 502 1177 nonnulli
533 1122 727 1179 volunt.
748 1130 1109 1194 -Deinceps,
1159 1131 1279 1194 (quo
1314 1137 1542 1191 tempore

161 1207 441 1270 nescimus).
474 1206 779 1269 reipublicae
815 1207 998 1256 liberae
1051 1208 1266 1255 formam
1311 1208 1499 1269 accepit
1517 1240 1535 1269 ,

164 1300 291 1347 quae
321 1284 425 1332 sere
457 1285 825 1337 aristam-atina
852 1294 974 1346 erat.
1024 1286 1351 1350 Magistratus
1381 1302 1412 1332 a
1437 1301 1540 1347 po-

163 1362 285 1424 pulo
331 1377 422 1424 per
463 1362 691 1425 suffragia
735 1362 1032 1410 creabantur
1051 1397 1065 1424 ,
1112 1370 1162 1410 et
1206 1362 1496 1412 divitiarum
1516 1396 1533 1423 ,

166 1439 412 1502 dignitatis
455 1455 512 1485 ac
552 1439 729 1501 populi
756 1441 940 1487 amoris
967 1440 1093 1486 ratio
1114 1439 1390 1486 habebatur
1408 1440 1534 1501 (55).

162 1513 373 1564 Senatus
414 1517 618 1563 maioris
662 1517 898 1564 momenti
941 1532 1021 1564 res
1059 1516 1266 1564 curabat
1301 1523 1351 1563 et
1382 1531 1536 1580 penes

161 1608 276 1639 eum
296 1626 312 1654 ,
362 1593 668 1655 temporibus
704 1594 872 1641 saltem
892 1628 908 1653 ,
954 1594 1138 1656 quibus
1186 1594 1398 1641 maxime
1435 1594 1537 1641 flo-

161 1668 302 1716 rebat
346 1669 621 1733 Carthago,
668 1671 970 1735 reipublicae
1004 1671 1319 1719 moderamen
1353 1671 1531 1733 fuisse,

160 1747 401 1793 coniicere
443 1747 560 1793 licet
603 1764 663 1793 ex
696 1748 826 1795 bona
863 1765 1033 1795 rerum
1064 1748 1498 1795 administratione
1516 1781 1532 1807 ,

162 1839 311 1886 quam
338 1822 632 1886 Carthagine
661 1823 830 1870 locum
858 1823 1113 1885 habuisse,
1142 1840 1246 1871 non
1270 1824 1417 1873 semel
1445 1825 1534 1872 in-

158 1902 326 1947 dicant
364 1901 624 1962 scriptores
643 1934 658 1959 ,
696 1902 920 1962 quamvis
960 1902 1085 1948 illud
1122 1909 1259 1948 certo
1304 1904 1400 1949 dici
1432 1919 1530 1950 ne-

159 1985 341 2043 queat,
388 1993 545 2041 aeque
591 1978 794 2040 minus,
833 1995 891 2026 ac
932 1995 1054 2027 num
1093 1978 1222 2028 illud
1261 1981 1530 2030 concilium

1407 2074 1531 2122 per-

206 2217 309 2271 (5¹)
348 2219 570 2261 Hauonor.
608 2218 643 2260 Ι.
683 2218 773 2269 163.
810 2218 929 2260 huius
957 2220 1069 2260 etiam
1096 2221 1269 2261 memInit
1297 2233 1453 2265 emano
1478 2223 1526 2264 de

109 2283 111 2285 ’
157 2281 367 2326 Senectute.
395 2293 434 2322 c.
462 2293 524 2330 19.

205 2340 308 2394 (52)
339 2343 524 2382 Hennam.
554 2342 682 2382 [άεέη.
710 2342 742 2382 1.
771 2355 822 2388 2,
848 2353 937 2393 pag.
962 2345 1026 2394 58.

206 2397 351 2457 (53)‘
335 2394 450 2447 ὅπου
485 2389 566 2446 οὗν
601 2395 633 2456 ἦ
659 2402 859 2447 πολιτὲια
892 2402 1021 2459 βλέπ
1009 2419 1042 2446 ι
1065 2401 1127 2456 ἐίς
1154 2419 1201 2447 τε
1223 2399 1417 2449 πλοῦτον
1444 2406 1525 2450 καὶ

153 2459 315 2525 ἀρετὴν
343 2471 420 2514 καὶ
444 2466 606 2528 δῆμον,
628 2462 726 2515 οἷον
753 2470 800 2515 ἒν
824 2462 1107 2531 Καρχηδόνι,
1141 2463 1254 2526 ἅυτη
1282 2465 1524 2534 ἇριςοκρα-

151 2527 249 2587 τικὴ
280 2533 356 2587 ἐςι.
421 2539 721 2583 Anus-roratas.
752 2541 863 2584 Polit.
891 2541 941 2582 V.
966 2553 1005 2593 7.
1035 2541 1104 2583 Cf.
1133 2541 1189 2582 ΙΙ.
1215 2555 1254 2585 2.
