1787 3205
404 232 499 280 DE
534 232 852 281 COLONIIS
887 230 1256 281 VETERUM.
1419 235 1511 296 147

164 395 405 452 buamus,
465 393 554 455 qui
611 388 925 458 magistratus
985 392 1199 438 colonias
1250 390 1481 439 Latina-s·
1493 425 1510 452 ‚

168 469 297 534 quae
328 469 465 523 ,bello
505 470 696 518 Punico
713 469 945 526 -secundo
985 468 1261 517 defecerant
1279 503 1296 530 ,
1344 469 1408 516 fic
1431 470 1512 516 al-

162 548 421 610 loquentes
447 546 664 596 inducit:
704 563 733 595 »
753 547 1072 594 admonerent
1096 546 1245 610 (suos)
1284 580 1297 595 .
1336 581 1348 595 .
1387 583 1399 595 .
1428 562 1512 594 eos

69 617 82 624 '⁵
162 639 190 672 ))
211 625 310 671 esse
331 612 590 685 Romanos
625 658 639 673 .
671 659 684 672 .
713 659 728 675 .
761 625 876 671 inde
899 623 951 671 in
981 622 1222 671 coloniam
1259 659 1272 673 .
1305 657 1319 671 .
1347 657 1361 672 .
1390 624 1512 670 mis-

164 701 277 764 ὥθ’)
308 702 465 765 (562).
518 701 694 765 Neque
723 702 871 749 etiam
892 702 945 748 in
973 700 1135 747 Latio
1162 708 1358 748 tantum
1386 716 1512 747 con-

161 777 290 824 ditae
332 785 475 834 erant
498 776 744 831 ¹coloniae
782 776 1011 823 Latinae
1026 810 1042 837 ,
1094 793 1207 823 cum
1246 778 1513 824 memoriae

161 850 347 916 prodat*
366 854 540 902 Livius
555 888 570 914 ‚
598 853 872 916 Aquileiam
900 861 951 902 et
976 852 1252 900 Bononiam
1284 852 1512 903 Latinas

161 930 380 976 colonias
412 928 560 974 fuisse
592 929 834 977 deductas,

228 1004 487 1065 Quaenam
514 1011 680 1051 autem
712 1005 828 1052 iura
855 1004 1073 1051 coloniae
1100 1005 1286 1054 civium
1317 1006 1514 1052 Roma·-

161 1097 347 1129 norum
383 1079 646 1128 habuerint
663 1115 679 1141 ,
722 1081 853 1128 inter
892 1081 1106 1128 eruditos
1135 1098 1236 1129 non
1264 1084 1511 1131 convenit.

158 1159 260 1206 Alii
282 1165 487 1221 putant,
509 1173 590 1205 eas
614 1157 762 1219 pleno
788 1158 996 1206 civitatis
1018 1160 1155 1220 iure,
1182 1167 1283 1207 tam
1305 1160 1512 1222 publico

160 1247 309 1298 quam
350 1234 542 1296 privato
560 1266 575 1293 ,
613 1233 797 1295 gavisae
829 1233 938 1281 esse*
976 1234 1141 1297 (565);
1175 1236 1259 1282 alii
1285 1251 1403 1285 vero
1431 1238 1511 1282 ius

159 1311 438 1372 Quiritium
475 1312 535 1357 iis
574 1316 769 1360 tantum
811 1309 1041 1357 tribuunt
1084 1311 1240 1375 (564).
1311 1330 1338 1361 υ
1362 1312 1512 1371 Quo-

158 1390 340 1436 »niam
381 1389 511 1434 enim
542 1383 672 1447 (sunt
709 1385 859 1435 verba
899 1386 1105 1450 Sigonii)
1136 1389 1216 1434 ius
1247 1389 1384 1436 Latii
1408 1390 1511 1436 iuri

155 1481 184 1513 υ
206 1464 509 1524 Quiritium,
541 1469 590 1509 et
622 1462 831 1509 Latinae
859 1462 1078 1510 coloniae
1110 1465 1294 1512 civium
1320 1466 1510 1512 Roma-

156 1555 388 1594 »norum
428 1546 786 1600 opponuntur,
828 1536 890 1583 ob
930 1547 1037 1584 eam
1086 1540 1280 1586 causam
1324 1532 1413 1601 fit,
1451 1550 1509 1588 ut

157 1635 185 1665 2>
207 1616 363 1681 probe
413 1615 639 1663 concludi
687 1614 867 1677 posfit,
926 1615 962 1662 fi
1025 1615 1234 1664 Latinae
1291 1619 1511 1666 coloniae

114 1747 119 1749 μ
154 1711 181 1743 »
204 1696 315 1743 sunt
334 1728 349 1754 ,
401 1708 527 1753 quae
558 1693 637 1738 ius
662 1690 844 1739 habent
877 1691 1044 1752 Latii,
1085 1693 1332 1742 Romanas
1374 1697 1505 1757 esse,

154 1788 182 1819 »
204 1786 331 1835 quae
355 1771 561 1816 donatae
589 1768 701 1814 sunt
727 1768 838 1814 iure
868 1768 1194 1826 Quiritium.''
1261 1772 1374 1818 Hoc
1410 1790 1506 1820 au-

153 1856 252 1895 tem
291 1848 399 1894 iure
442 1846 636 1907 privata
666 1843 986 1891 iura-civium
1014 1844 1355 1894 Romanorum
1380 1865 1505 1896 con-

151 1926 377 1973 tinentur
394 1956 410 1984 ‚
434 1918 600 1985 ⁷veluti
626 1918 890 1980 libertatis,
918 1920 1279 1970 connubiorum
1298 1960 1312 1985 ,
1341 1929 1506 1988 patri-

151 2010 238 2050 u'm
253 2036 269 2064 ,
301 1999 535 2060 dominii,
575 1997 853 2044 hereditatis
870 2031 884 2056 ‚
928 1999 1190 2062 mancipii,
1235 2004 1505 2065 usucapio..

148 2080 226 2145 nis
240 2113 257 2141 ,
290 2083 688 2126 testamentorum
707 2108 721 2134 ,
757 2074 939 2122 tutelae
953 2107 969 2133 ‚
987 2082 1093 2123 cet.

211 2155 443 2202 Coloniae
463 2170 607 2217 ergo,
628 2166 752 2215 quae
775 2151 855 2199 ius
878 2150 1149 2210 Quiritium
1176 2153 1273 2203 five
1291 2157 1402 2203 iura
1426 2158 1503 2203 ci-

1422 2250 1501 2283 vi-

191 2438 321 2491 (362)
348 2438 489 2478 anms
517 2407 713 2478 XXXVII..
743 2447 783 2486 9.
810 2436 865 2476 cf.
891 2446 1044 2477 menno
1059 2444 1131 2486 pro
1158 2438 1257 2477 domo
1279 2448 1318 2478 c.
1343 2448 1409 2487 30.

192 2498 319 2551 (363)
350 2500 579 2540 MANurms
607 2498 651 2537 de
677 2500 788 2539 civit.
819 2498 926 2538 Rom.

194 2562 319 2615 (364)
348 2561 542 2602 Stcomus
570 2561 597 2602 1.
626 2562 654 2599 1.
678 2561 739 2603 11.
769 2571 849 2670 3.K

840 2654 842 2657 -
884 2637 911 2668 2

0 3042 780 3205 L*
138 3184 142 3187 -
358 3185 367 3191 -
506 3042 509 3043 f
780 3198 821 3205 -
1265 3203 1316 3205 n
