1787 3205
434 237 532 295 DE
569 239 1300 323 σοῐ-,οιντιιε-κνΕἰ-ἘΒΠΜό
1479 252 1552 304 ,19

181 411 217 453 α’
241 399 570 454 Phoenicibus
612 407 802 455 fuerint
842 404 1038 453 deducti
1058 439 1073 466 ‚
1121 410 1171 452 et
1211 418 1329 467 qua.v
1355 401 1548 449 ratione

180 481 455 530 Phoenices
498 501 580 532 eos
621 485 873 548 elegerint,
945 484 1082 530 Haec
1122 490 1289 529 tamen
1319 478 1549 542 disquifi-

178 561 249 611 tio
278 576 336 608 eo
368 561 610 610 difficilior
635 571 709 611 est
726 599 742 625 ,
779 563 913 626 quod
936 560 1152 623 nullibi,
1203 559 1345 623 quod⁴
1363 558 1512 605 seiam
1532 590 1549 617 ,

182 638 308 686 illud
353 641 528 688 diserte
573 643 809 700 docetur3
829 633 898 688 'at
933 655 1051 689 vero
1076 640 1137 685 ad
1166 639 1322 701 ipsam
1352 636 1551 682 coloni-

183 730 322 764 arum
373 719 617 766 rationem
658 734 931 781 earumque
965 717 1132 763 causas
1164 705 1545 778 respieientibus

178 795 421 841 conficere
445 795 643 853 liceret,
671 795 896 841 colonias
912 809 1016 840 non
1041 808 1156 839 raro
1184 807 1212 838 e
1238 793 1546 854 supervacua.

178 871 435 917 hominum
469 871 788 917 multitudine
818 870 965 917 fuisse
997 868 1304 930 compositas.
1373 867 1551 930 Neque

179 947 274 992 hoc
318 948 457 993 omni
495 948 604 994 veri
650 948 807 1008 specie
851 946 1066 1007 carebit,
1102 944 1369 991 dummodo
1407 945 1546 1006 cogi-

177 1029 341 1069 temus
361 1057 375 1083 ,
420 1038 545 1085 quae
588 1025 738 1085 supra
764 1024 1162 1086 disputavimus,
1193 1019 1411 1068 colonias
1441 1021 1549 1067 sae—

179 1101 298 1162 pius
343 1099 494 1147 fuisse
539 1102 764 1161 emissas,
812 1108 869 1147 ut
913 1115 1124 1146 numero
1172 1099 1355 1146 civium
1400 1099 1551 1145 nimis

178 1176 362 1239 ‘magno
411 1179 556 1239 parvi
599 1178 817 1225 ambitus
846 1179 1016 1225 civitas
1048 1176 1344 1223 liberaretur
1362 1210 1376 1237 ‚
1415 1176 1551 1238 quod

183 1254 453 1316 saepisfime
476 1256 751 1304 incivitate
766 1290 781 1316 ,
815 1256 868 1302 in
897 1269 995 1317 qua
1023 1261 1303 1300 mercatura
1327 1260 1378 1300 et
1401 1253 1550 1299 navi-

179 1333 310 1392 gatio
339 1340 666 1393 exercentur,
697 1307 873 1379 locum*
893 1332 1071 1377 habere
1100 1333 1283 1392 potuit.

247 1408 381 1454 Hinc
423 1410 732 1455 coloniarum
789 1409 907 1455 socii
956 1409 1208 1455 inferioris
1248 1408 1553 1469 plerumque

181 1483 417 1531 ‘videntur
460 1485 611 1531 fuisse
660 1485 991 1544 conditionis;
1033 1485 1339 1531 honestiores
1386 1485 1551 1542 enim,

178 1561 466 1608 laetioribus
499 1561 730 1609 fortunae
771 1562 912 1608 donis
956 1561 1209 1622 fruentes,
1245 1578 1337 1608 nee
1371 1561 1555 1607 melio-

178 1653 237 1684 ra
264 1639 544 1701 sperantes,
588 1642 639 1686 in
677 1640 839 1701 patria
877 1641 937 1685 ad
978 1641 1060 1686 sua
1085 1641 1306 1703 augenda
1333 1655 1550 1686 commo-

178 1709 241 1760 da
279 1715 391 1759 satis
427 1716 604 1761 idonea
638 1731 839 1761 manere
875 1716 1184 1776 maluerunt,
1228 1732 1377 1777 quam
1411 1730 1553 1776 pere·

174 1793 264 1853 ‘gre
289 1790 448 1851 abire,
480 1791 565 1837 sub
591 1792 690 1837 alio
719 1793 854 1839 coelo
886 1793 1183 1853 quaefituri,
1212 1793 1342 1853 quod
1371 1793 1426 1839 in
1451 1807 1549 1854 pa-

177 1868 278 1914 trio
311 1869 409 1914 so'lo
435 1869 532 1913 iam
567 1868 882 1915 invenerunt.
954 1868 1103 1927 Quod
1126 1876 1293 1915 tamen
1323 1877 1547 1930 quanto-

177 1960 297 2006 pere
311 1945 425 2006 ipfis
443 1945 647 1991 coloniis
671 1951 872 2005 noceat,
898 1951 950 1991 et>
973 1952 1216 2007 quatenus
1237 1945 1359 1992 tales
1384 1947 1549 1993 mino-

178 2022 249 2067 ris
265 2022 413 2084 pretii
430 2021 522 2068 fint
547 2021 794 2081 habendae
821 2022 945 2080 illis,
976 2037 1194 2083 quarum
1224 2023 1340 2069 locii
1363 2023 1550 2075 hones-1

175 2100 327 2146 tiores
369 2099 482 2147 funt
529 2100 781 2159 homines,
819 2116 921 2146 non
954 2108 1028 2147 est
1062 2102 1196 2162 quod
1227 2102 1387 2149 dicam
1416 2103 1541 2165 (55).

1447 2181 1549 2228 Co-

228 2390 333 2443 (33)
358 2390 459 2431 Vere
486 2391 586 2432 dixit
612 2393 674 2435 Ill.
703 2404 946 2446 mmmm,
983 2398 1020 2436 in
1056 2406 1205 2447 opere:
1242 2399 1291 2437 les
1320 2400 1416 2439 trois
1449 2410 1540 2450 ages

173 2453 235 2491 des
265 2456 430 2493 colontes.
466 2464 562 2495 tom.
604 2455 659 2495 11.
686 2469 774 2505 pag.
799 2460 889 2497 226.
942 2459 1036 2508 „La
1063 2462 1217 2498 colonie
1244 2471 1293 2499 ne
1312 2471 1409 2510 peut
1434 2474 1540 2501 man.

174 2525 312 2564 „quer
333 2516 383 2556 de
409 2526 449 2556 se
471 2518 651 2557 ressentir
674 2517 740 2559 des
775 2521 881 2560 vices
907 2519 972 2560 des
1001 2521 1174 2560 habitans
1196 2522 1402 2572 primstifs,
1433 2534 1542 2564 com-

176 2587 275 2626 „me
308 2579 362 2616 les
397 2591 505 2619 taces
528 2592 570 2620 se
588 2591 807 2623 ressentenr
828 2584 877 2621 de
901 2595 1005 2623 ceux
1027 2584 1075 2624 de
1102 2586 1184 2624 leur
1204 2587 1401 2628 auteurs.”
1459 2588 1540 2639 Qui

840 2646 881 2692 B
922 2662 947 2692 2
1441 2652 1547 2690 dein-
