1787 3205
208 216 273 264 60
455 216 562 265 DE-
590 214 918 266 COLONIIS
952 217 1321 272 VETERUM.
1405 214 1407 218 ’

211 374 372 423 Ionias
390 410 406 436 ,
468 376 525 423 in
584 392 708 439 quas
756 378 921 428 coloni
949 381 1100 443 sorte
1152 379 1567 444 deducebantur):

207 460 540 516 utrarumque
595 456 735 504 varia
789 457 941 504 fuisse
997 458 1193 507 videtur
1232 459 1377 510 ratio.
1461 457 1572 507 Hae

205 529 416 579 suerunt
440 532 637 580 serioris
664 533 834 581 aetatis
852 568 869 594 ‚
910 541 960 581 et
998 534 1152 596 magis
1187 550 1249 582 ex
1283 535 1574 583 auctoritate

206 607 362 669 ipfius
389 610 605 658 civitatis
630 611 883 671 conditae,
911 612 1209 672 arctiorique
1232 611 1432 659 vinculo
1458 627 1572 660 cum

207 699 267 731 ea
299 687 590 733 coniunctae
618 686 767 733 fuisse
798 687 1030 736 videntur
1047 721 1063 748 ,
1092 703 1240 749 quam
1266 686 1403 747 illae,
1448 704 1574 750 quae

205 762 267 810 ad
293 763 564 827 antiquora
591 771 817 828 tempora
843 764 999 829 magis
1024 764 1275 827 pertinent
1299 764 1459 828 (126).

273 838 490 888 Maioris
542 843 782 889 momenti
833 849 910 890 est
959 842 1208 889 distinctio
1266 837 1573 898 coloniarum

204 916 543 981 Graecarum,
571 936 698 983 quae
721 921 886 970 variae
910 918 1145 981 fue-runt,
1175 935 1273 982 pro
1298 920 1438 969 varia
1459 918 1574 966 stir-

201 1010 300 1056 pe,
337 1013 367 1043 a
401 1014 501 1059 qua
532 999 773 1061 originem
819 1000 1179 1059 repetiverunt.
1250 996 1377 1056 Quis
1418 997 1575 1049 nescit

203 1071 428 1121 Graecos
467 1076 743 1137 antiquitus
780 1077 836 1122 in
869 1076 991 1122 duas
1016 1074 1187 1137 stirpes
1217 1074 1365 1123 fuisse
1393 1073 1573 1122 distin-

200 1157 305 1196 ctos
323 1185 340 1212 .-
375 1162 377 1164 ·
404 1153 459 1198 in
523 1152 753 1215 Pelasgos
807 1160 857 1200 et
919 1152 1154 1199 Hellenes
1169 1152 1193 1199 7
1271 1151 1354 1202 Illi
1407 1158 1572 1203 autem

196 1226 507 1290 antiquiores
538 1235 712 1289 erant,
755 1228 916 1290 quod,
960 1244 1075 1275 cum
1115 1244 1177 1275 ex
1205 1243 1265 1277 eo
1306 1226 1572 1280 confirme-

198 1313 315 1366 tur,
352 1306 484 1368 quod
516 1305 802 1354 Eustathius
826 1317 910 1352 eos
941 1307 1117 1353 diserte
1148 1306 1420 1368 appellavit
1437 1307 1572 1367 fon-

197 1393 300 1429 tem
352 1381 585 1429 Graecae
627 1384 804 1446 genti-s·
847 1384 1021 1446 (127),
1062 1390 1171 1431 tum
1212 1382 1345 1445 quod
1380 1382 1571 1445 semper

193 1460 309 1506 sunt
353 1460 579 1522 gloriati,
625 1461 721 1507 sese
764 1462 866 1507 esse
894 1461 1183 1523 indigena-3.
1231 1460 1250 1521 (
1262 1458 1569 1523 αὐτόχθονες.)

193 1535 518 1583 Athenienses
558 1537 691 1583 enim
707 1571 723 1598 ‚
765 1538 851 1599 qui
889 1549 1066 1600 magna
1107 1552 1168 1582 ex
1206 1542 1348 1598 parte
1395 1535 1572 1583 Pelas-

193 1613 246 1676 gi
287 1621 431 1662 erant
479 1614 651 1674 (128),
698 1614 872 1661 diserte
920 1630 949 1661 a
996 1613 1287 1675 Thucydide
1333 1613 1569 1660 dicuntur

192 1692 397 1738 eandem
446 1692 636 1753 semper
676 1691 926 1753 regionem
968 1690 1179 1737 tenuisse
1224 1690 1378 1752 (129).
1450 1689 1566 1737 Ideo

1455 1766 1566 1814 He-.

242 1957 374 2012 (126)
402 1960 472 1999 Cf.
510 1970 828 2000 murmannus
865 1961 892 2000 1.
920 1961 948 2000 1.
975 1958 1205 1998 Notandum
1233 1967 1357 1997 tamen
1388 1957 1563 1996 Graecos

188 2021 403 2070 scriptores
431 2021 529 2059 hauc
558 2021 846 2060 distinctionem
874 2033 950 2059 non
978 2021 1126 2070 semper
1155 2029 1335 2057 accurate
1358 2019 1563 2057 observas-

189 2082 243 2121 se.
300 2082 369 2122 Cf.
398 2092 539 2121 sunus
568 2091 674 2120 voce
706 2073 974 2139 κλὴρούχια,
1017 2091 1057 2120 et
1094 2081 1164 2130 qui
1204 2081 1303 2119 hanc
1343 2079 1562 2118 distinctio-

187 2159 274 2188 nem
300 2147 510 2188 admodum
543 2149 737 2198 improbat
763 2159 1022 2189 nsscssmscfl.
1052 2149 1079 2188 1.
1105 2150 1150 2188 1.·
1172 2156 1270 2187 tom.
1298 2147 1342 2194 Ι,
1370 2158 1460 2197 pag.
1491 2157 1556 2197 151

188 2214 273 2260 seq.

239 2269 370 2322 (127)
401 2270 667 2311 Eus'rA‘rmus
695 2270 741 2309 ad
768 2282 875 2311 nom.
902 2271 948 2314 Il.
979 2272 1036 2314 11.
1063 2283 1125 2311 vs.
1150 2273 1252 2323 ¹827.
1292 2262 1350 2321 (ἴς
1388 2263 1557 2313 ἄνωθεν

175 2326 405 2387 ‘'Emvssveg.

237 2404 368 2456 (128)
398 2405 566 2446 Hauon.
595 2404 628 2443 Ι.
654 2405 704 2453 56
724 2430 738 2450 ,
762 2403 881 2444 vm.
907 2416 972 2455 44.

235 2467 366 2517 (129)
398 2466 589 2507 Tnuevu.
619 2467 674 2505 ΙΙ.
703 2466 768 2516 36.
799 2457 879 2507 τὶν
903 2458 990 2523 γὰρ
1009 2457 1161 2522 χῶραν
1191 2458 1260 2506 dez
1288 2459 1334 2508 ὂι
1351 2459 1479 2507 αὐτοί
1500 2461 1564 2507 οἰ-

184 2535 375 2591 κοῦντες.
