1787 3205
437 300 532 350 DE
565 294 892 349 coLoMIs
929 297 1294 349 VETERUM.
1450 302 1542 362 157

241 460 342 508 ‘Ex
375 460 540 509 eadem
582 457 1034 520 illaconvenientia
1065 458 1393 506 arctissimum
1423 457 1544 506 vin-

194 537 366 585 culum
407 538 537 585 inter
557 534 869 599 ‘metropolin
897 543 947 582 et
977 534 1192 581 colonias
1222 534 1544 583 derivandum

183 620 272 661 'est
286 648 302 674 ,
331 614 406 661 uti
432 621 481 661 et
508 614 696 674 officia,
728 627 852 676 quae
876 610 1096 658 coloniae
1123 610 1359 658 Romanis
1392 610 1545 659 debe-

193 690 333 738 bant.
396 689 542 751 Quod
570 693 668 738 iam
686 689 951 750 Suffetius,
970 686 1278 736 Albanorum
1306 688 1513 736 dictator
1527 724 1545 750 ‚

195 767 308 830 ipfis
325 768 580 830 Romanis,
597 768 796 815 illorum
812 766 998 813 colonis
1010 799 1026 827 ,
1045 763 1298 828 fignificat,
1316 765 1553 814 consueta

191 846 281 893 hac
310 846 363 893 in
389 861 444 893 re
467 845 833 908 comparatione
869 844 1015 891 usus:
1053 841 1162 903 ὅσης
1206 843 1318 909 γὰρ,
1346 844 1546 907 inquit,

192 923 364 984 ἀξιοῦσι
384 925 513 987 τιμῆς
538 914 766 987 τυγχᾶνειν
793 929 838 972 οἱ
867 926 1049 987 πατέρες
1075 922 1201 989 παρὰ
1223 921 1310 972 τῶν
1333 922 1550 985 ἐγγόνων,

193 999 411 1058 τοσαύτης
445 1005 489 1049 οἱ
526 1002 753 1055 κτίσαντες
795 998 877 1056 τὰς
909 998 1070 1056 ’πόλεις
1112 998 1238 1063 παρὰ
1276 1001 1365 1048 τῶν
1412 983 1552 1049 ’ἀποί-

194 1094 285 1125 κων
301 1075 455 1137 (589).
495 1072 629 1119 Hinc
653 1073 964 1136 magistratus
981 1073 1196 1121 Romani
1218 1074 1421 1121 coloniis
1445 1075 1553 1124 La-

193 1153 313 1200 tinis
332 1187 348 1213 ,
395 1167 519 1214 quae
556 1157 854 1213 negaverant
898 1150 986 1197 fibi
1026 1153 1154 1213 esse,
1196 1153 1329 1199 unde
1372 1153 1553 1201 milites

194 1228 557 1293 pecuniamque
579 1227 781 1286 darent,
812 1225 951 1274 'inter
976 1227 1074 1274 alia
1100 1229 1219 1275 haec
1254 1230 1548 1292 increpant:

199 1322 325 1369 quae
356 1304 499 1352 liberi
530 1304 815 1366 parentibus
846 1303 1106 1365 deberent,
1140 1321 1196 1352 ea
1223 1305 1333 1352 illos
1360 1307 1553 1355 Roma-

197 1385 277 1430 nis
298 1416 313 1443 ‚
346 1381 382 1428 fi
413 1380 514 1426 ulla
548 1380 701 1442 pietas
719 1414 736 1440 ,
774 1379 809 1426 fi
835 1381 1068 1427 memoria
1103 1382 1335 1444 antiquae
1360 1385 1554 1445 patriae

165 1511 169 1514 ζ
195 1460 318 1508 esset
347 1458 499 1523 (590).
548 1456 659 1503 Hoc
688 1456 940 1505 vinculum
973 1473 1033 1504 eo
1062 1458 1244 1505 arctius
1268 1458 1398 1520 fuit,
1426 1476 1552 1522 pro-

200 1544 314 1600 pter
359 1535 438 1581 ius
489 1541 780 1597 patronatus
818 1541 867 1580 et
905 1535 1186 1596 clientelae,
1230 1537 1395 1599 quod,
1435 1554 1549 1588 cum

201 1613 345 1661 initio
377 1627 439 1658 ex
473 1611 691 1658 instituto
719 1611 922 1659 Romuli
954 1613 1008 1658 in
1047 1612 1172 1659 urbe
1213 1620 1410 1661 tantum
1457 1616 1553 1662 ob-

200 1689 424 1737 tinuisset
437 1723 453 1750 ‚
491 1688 721 1750 deinceps
750 1689 895 1736 etiam
911 1723 926 1749 ‚
957 1696 1065 1736 tum
1097 1690 1158 1736 ad
1186 1691 1307 1739 alias
1332 1692 1551 1740 civitates

202 1767 382 1826 socias,
427 1773 536 1812 tum
576 1765 637 1810 ad
670 1764 886 1811 colonias
922 1774 1247 1829 propagatum
1287 1776 1361 1836 esJ:
1393 1770 1547 1833 (391).

202 1844 394 1891 Scilicet
438 1841 656 1889 coloniae
700 1841 810 1887 suos
864 1828 1104 1889 hahebant
1139 1843 1327 1893 Romae
1373 1855 1551 1908 patro-

198 1938 290 1970 nos
329 1920 425 1968 five
467 1918 718 1976 custodes,
768 1933 981 1978 quorum
1027 1919 1184 1966 essent
1208 1921 1260 1967 in
1302 1923 1548 1973 cllentela.

269 1997 582 2057 Quamquam
614 1994 732 2040 haec
761 1984 1062 2040 coloniarum
1090 2012 1205 2044 cum
1234 1999 1359 2046 urbe
1393 2002 1551 2050 Roma

202 2072 502 2123 necessitudo
529 2071 707 2132 pietate
731 2076 878 2131 atque
910 2087 1074 2117 amore
1101 2088 1217 2147 erga
1251 2076 1300 2121 se
1336 2078 1551 2125 invicem

201 2151 291 2198 a'ut
319 2148 554 2197 memoria
585 2147 862 2220 communiS
908 2148 1108 2215 originis
1148 2161 1250 2200 non
1284 2151 1403 2201 adeo
1446 2162 1556 2202 erat

1473 2233 1557 2279 in-

256 2457 388 2510 (389)
414 2454 532 2505 Apud
566 2465 731 2497 most.
758 2464 854 2497 um..
882 2455 960 2495 111.
982 2464 1022 2507 7.

257 2520 385 2570 (390)
413 2519 556 2569 Livius
587 2523 727 2559 XXIX.
747 2529 786 2565 9.

168 2632 172 2640 ι
257 2578 356 2630 (391
367 2590 388 2631 )
416 2581 550 2621 Dion.
581 2589 678 2620 uAL.
722 2578 780 2628 11.
819 2589 881 2619 ιι.
936 2578 1004 2618 Cf.
1041 2586 1127 2617 mea
1158 2578 1370 2621 dissertatio
1405 2580 1450 2621 cle
1485 2583 1559 2623 Pa·

204 2640 364 2683 trenam
387 2651 426 2681 et
451 2643 635 2684 clientela
650 2643 912 2682 Romanorum
939 2652 1026 2691 pag.
1052 2651 1095 2690 91
1125 2639 1204 2691 seq.
