1787 3205
394 117 422 146 Ο

472 223 932 291 DECOLO'NIIS
965 200 1338 289 VETERUM.
1462 305 1466 308 ι
1520 239 1583 287 41

220 404 388 467 giones
434 404 642 451 veniunt
686 400 749 449 'ab
772 398 1075 447 hominibus
1107 405 1418 460 occupatae,
1457 413 1588 464 quo-

222 496 335 527 rum
372 470 623 542 ingenium
656 495 719 526 ne
752 477 943 524 felicem
979 476 1173 538 quidem
1213 485 1373 522 terrae
1409 476 1588 522 condi-

220 557 405 605 tionem
451 557 711 621 perspiciat
730 590 745 617 ,
801 570 964 617 neque
1003 554 1110 601 eius
1166 554 1383 617 pretium
1426 570 1585 617 agno-

220 635 333 683 [cat.
401 634 633 684 Advenae
670 643 837 682 autem
878 634 1124 680 culturam
1163 633 1324 679 secum
1366 648 1393 679 e
1418 633 1582 693 patrio

222 712 332 762 solo*
356 705 592 773 ducunt,
639 714 712 759 in.
744 712 885 760 novis
928 711 1138 758 sedibus.
1178 710 1402 759 civitates
1459 725 1583 756 con-

218 789 374 849 dunt,
416 790 709 849 omniaque,
746 789 808 833 ad
836 787 1238 835 vitamsocialem
1280 787 1403 845 bene
1427 788 1586 848 agen-

217 865 329 912 dam
380 852 709 927 pertinentia,
761 864 813 909 in
874 879 955 909 eas
1003 862 1344 910 introducunt.
1430 863 1586 911 Velut

216 943 373 1004 igitur
420 947 727 987 mercaturae
769 946 819 985 et
862 939 1165 1001 navigationi
1209 939 1385 1001 finguli
1427 940 1588 986 inser-

218 1019 397 1078 viunt,
449 1019 520 1064 ita
571 1017 794 1063 coloniae
834 1015 1063 1078 gentibus
1110 1016 1428 1062 humaniores
1470 1017 1589 1064 red-—

218 1096 424 1155 dendiS,
479 1095 732 1156 totiusque
782 1094 973 1155 generis
1017 1093 1223 1139 humani
1260 1093 1419 1140 cultui
1462 1111 1588 1156 pro-

218 1174 458 1233 movendo
499 1188 600 1218 non
631 1187 811 1233 parum
844 1168 1130 1231 proficiunt.
1204 1168 1373 1228 Quid?
1434 1172 1587 1218 Colo-

217 1251 331 1297 niae
346 1249 639 1296 Phoeniciae
663 1264 729 1294 an
755 1263 856 1293 non
885 1247 1074 1293 cultum
1099 1245 1325 1294 Orientis
1349 1249 1401 1294 in
1417 1248 1584 1295 Grae-

219 1327 344 1373 ciam
391 1326 678 1372 duxerunt'?
701 1355 733 1389 ὀ
747 1323 929 1371 Nonne
969 1325 1076 1384 ipsa
1108 1324 1350 1384 Graeci-525
1382 1327 1438 1372 in
1471 1329 1588 1388 pri-

215 1403 602 1463 mispostquam
632 1401 850 1447 colonias
876 1400 1173 1462 deduxerat,
1217 1402 1278 1448 ad
1311 1404 1583 1451 maximum

218 1478 409 1525 cultum
451 1477 548 1524 fuit
584 1484 784 1538 evecta,
825 1493 1038 1539 eumque
1065 1479 1119 1523 in
1149 1479 1324 1540 primis
1354 1481 1452 1528 suis
1476 1480 1583 1543 'ipsa

216 1555 424 1602 coloniis
481 1554 686 1601 debuit?
772 1554 911 1600 Haec
974 1563 1139 1601 tamen
1195 1573 1298 1604 non
1370 1574 1428 1606 eo
1488 1575 1582 1609 va-

216 1633 351 1692 lent,
382 1648 460 1680 .ac
501 1632 536 1678 fi
585 1631 720 1678 omni
759 1633 962 1678 nomine
1006 1634 1208 1680 maximi
1252 1637 1401 1696 pretii
1443 1639 1585 1685 colo-

215 1709 328 1757 niae
357 1707 450 1770 fint
493 1707 770 1768 habendae,
810 1724 1084 1771 earumque
1120 1711 1291 1762 laudes
1317 1715 1452 1759 omni
1491 1730 1580 1761 ra-

214 1786 348 1832 tione
376 1784 705 1831 celebrandae.
780 1784 984 1845 Optima
1021 1789 1210 1849 quippe
1244 1806 1468 1852 quaeque
1496 1808 1577 1839 res

213 1878 304 1923 per
348 1862 424 1920 se,
469 1861 657 1921 saepius
702 1860 906 1920 pessima
957 1864 1146 1923 evadit,
1195 1872 1243 1910 et
1288 1874 1404 1912 utut
1443 1876 1581 1915 cete..

212 1937 395 1999 roquin
457 1936 740 1994 utilisfima,
796 1945 959 1983 tamen
1024 1940 1059 1985 fi
1112 1941 1239 1987 male
1285 1943 1579 1994 adhibeatur

213 2015 391 2061 damna
423 2012 519 2060 fert
550 2013 761 2060 maxima
805 2013 1000 2073 secum3
1044 2017 1297 2079 coloniae,
1335 2021 1541 2085 inquam
1563 2060 1577 2085 ,

215 2092 504 2138 metuendae
540 2089 823 2148 ambitioni,
871 2094 1100 2140 maximis
1132 2095 1394 2144 hostilibus
1423 2117 1583 2163 expe-

215 2167 484 2214 ditionibus
545 2176 594 2213 et
641 2168 1052 2226 occupationibus
1101 2171 1232 2218 inter
1280 2186 1580 2225 mercatores

214 2245 377 2298 ansam
422 2241 522 2291 non
572 2260 685 2290 raro
729 2244 998 2306 dederunt,
1052 2248 1233 2309 quibus
1286 2250 1406 2313 quid
1442 2256 1581 2316 peri..

217 2323 317 2369 culi
344 2322 573 2384 pleniuS‚
612 2328 919 2369 mercaturae
951 2333 1115 2372 autem
1156 2337 1205 2374 et
1245 2332 1576 2392 navigationi,

213 2398 464 2461 ipfiusque
519 2399 677 2460 gentis
724 2414 803 2444 eas
849 2404 1121 2449 exercentis
1163 2407 1418 2453 commodo
1467 2425 1580 2456 ma-

213 2477 285 2536 gis
339 2477 700 2534 adversarium,
768 2493 987 2539 unquam
1046 2488 1207 2541 potest
1264 2486 1579 2548 excogitari?

210 2552 505 2600 Reseramne
547 2553 755 2600 nefanda
785 2555 887 2607 *ista
928 2557 1102 2604 scelera
1145 2574 1172 2604 a
1203 2559 1578 2624 Carthaginien-

876 2633 913 2678 C
949 2637 977 2680 5
1516 2642 1582 2687 fi-
