1787 3205
400 268 499 319 DE
511 268 520 304 s
532 267 858 322 COLONIIS
890 260 1268 320 VETERUM}
1456 284 1523 332 79

156 429 315 490 stirps«
348 428 570 476 colonias
607 427 816 477 habebat
830 461 847 487 ,
896 427 1072 475 Aeoles
1087 461 1104 488 ,
1140 427 1287 475 Iones
1327 430 1380 474 et
1407 423 1522 471 Doi-

153 519 266 570 rea,
298 504 375 555 uti
402 504 553 569 supra
585 501 957 572 fignifieavimus
982 504 1141 569 (175).

789 659 896 723 §20

318 814 405 863 De
436 815 601 862 τηιοιίο
653 812 983 861 Graecarum
1032 813 1352 860 coloniarum

524 915 529 923 v
555 921 557 924 <
611 891 1053 938 deducendarum.

224 1042 391 1106 Supra
427 1043 529 1090 iam
559 1043 766 1103 monui,
815 1042 1069 1106 religionis
1100 1041 1154 1090 in
1197 1042 1404 1090 coloniis
1431 1041 1524 1090 dea

152 1119 392 1167 ducendis
435 1119 675 1167 maximas
718 1118 868 1166 fuisse
894 1126 1078 1182 partes·
1144 1119 1351 1166 Colonia
1382 1120 1519 1167 enim

151 1196 344 1244 decreta
361 1230 378 1257 ,
426 1196 726 1259 Delphicum
767 1202 856 1243 aut
909 1196 1208 1243 Dodoneum
1257 1196 1521 1245 oraculum

132 1273 499 1322 consulebatur
513 1309 528 1335 ,
552 1290 659 1339 *quo
693 1272 979 1321 deducenda
1017 1275 1140 1321 esset
1186 1274 1382 1321 colonia
1396 1309 1412 1335 ‚
1458 1274 1521 1321 de

84 1380 92 1390 -·
149 1351 229 1400 via
245 1380 268 1412 ‚-
303 1366 427 1414 quae
470 1351 712 1414 sequenda
735 1349 901 1411 esset,
939 1350 1101 1413 deque
1132 1349 1342 1399 ducibus
1375 1351 1519 1398 colo-

149 1428 263 1475 niae
306 1428 615 1475 deducendae
665 1425 1004 1489 praeficiendis
1062 1428 1221 1489 (174).
1305 1428 1520 1491 Egregi-

149 1518 237 1550 um
274 1503 426 1551 huius
462 1504 535 1551 rei
587 1504 870 1566 exemplum
903 1511 978 1550 est
1018 1505 1215 1552 colonia
1253 1503 1316 1551 ab
1356 1503 1519 1553 Athe-

148 1580 402 1628 nienfibus
445 1583 499 1627 in
544 1581 811 1628 Thraciam
846 1582 1088 1643 deducta,
1124 1583 1366 1630 suadente.
1407 1584 1520 1647 Py·-

138 1656 273 1703 thia.
350 1656 602 1722 Dolonci,
654 1656 777 1720 (quo
827 1663 1048 1720 tempore
1081 1657 1288 1707 Athenis
1328 1660 1519 1709 summa

149 1731 251 1779 fuit
298 1749 450 1794 penes
517 1731 832 1781 Pifistratum
880 1730 1117 1798 potestus)
1165 1736 1515 1786 Chersonesum

153 1816 407 1872 tenentes,
453 1824 485 1856 a
535 1810 718 1862 vicinis
773 1809 1043 1860 Abfinthiis
1092 1813 1275 1876 presfi,
1328 1814 1515 1879 legatos

151 1888 377 1950 Delphos
416 1887 688 1947 miserunt,
738 1888 825 1948 qui
864 1884 1124 1936 oraculum
1161 1892 1510 1954 consulerent3

152 1964 334 2027 quibus
367 1964 624 2027 respondit
653 1963 864 2026 Pythia,
916 1980 1031 2012 eum
1075 1966 1296 2015 coloniae
1331 1971 1514 2019 condi-

149 2049 310 2090 torem
353 2043 410 2089 in
450 2042 580 2088 hane
626 2040 872 2109 regionem
916 2042 1081 2089 secum
1116 2043 1385 2109 ducerent,
1423 2050 1513 2111 qui

1381 2124 1515 2188 ipsos

201 2297 330 2351 (173)
360 2299 422 2338 De
459 2299 623 2337 coloniis
657 2299 900 2340 Graecorum
931 2301 978 2340 ab
1011 2302 1220 2344 Alexandri
1254 2307 1387 2357 Magni
1426 2311 1516 2351 inde

153 2371 346 2412 tempore.
374 2359 468 2404 vid.⁴
486 2372 529 2400 n.
560 2373 604 2400 Η.
632 2372 876 2402 Ηεοιιννιεοει
911 2363 1007 2402 uber
1045 2365 1108 2403 die
1137 2366 1399 2416 Griechtsthen
1426 2374 1519 2412 colo-

152 2425 261 2462 niee··n
280 2421 359 2472 seit
382 2422 608 2463 Alexander
632 2424 715 2461 dem
741 2422 913 2472 Grnsfim.
949 2424 1095 2465 Alcona
1123 2429 1236 2471 1811.

203 2481 334 2537 (174)
373 2483 524 2532 Leges,
562 2483 600 2522 in
631 2483 765 2533 primis
799 2496 900 2536 quae
926 2485 972 2524 ad
996 2497 1057 2525 res
1091 2487 1249 2528 Divinas
1271 2491 1519 2546 spectarent,

154 2543 348 2594 Delphis,
376 2557 398 2584 a
423 2545 599 2584 colonias
624 2544 840 2586 condituris
866 2546 1050 2597 petendas
1079 2549 1188 2598 esse,
1217 2555 1407 2606 praecipit
1424 2568 1521 2599 PLA-

152 2615 209 2645 ·ro
226 2631 239 2652 ,
266 2606 312 2644 de
339 2607 471 2658 Legib.
496 2618 585 2659 pag.
611 2617 700 2659 759.
752 2608 815 2649 ed.
844 2607 1002 2649 Serrani.
