1787 3205
255 202 347 253 152
501 199 598 248 DE
632 194 958 247 COLONIIS
991 195 1360 250 VETERUM.·

256 374 286 408 >2
306 358 541 407 dinabant
554 392 571 419 ‚
605 357 764 421 iisque
790 358 917 421 leges
947 373 1004 404 ae
1034 357 1147 405 iura
1175 354 1565 421 praescribebant
1581 375 1606 419 ,ι

256 451 285 483 >>
308 434 371 482 fio
408 441 660 482 curatores
686 435 992 482 coloniarum
1024 433 1278 484 coloniis.”
1420 434 1423 438 ’

323 512 387 560 In
436 512 643 559 coloniis
691 511 897 559 civitatis
948 510 1107 558 forma
1145 512 1207 558 ad
1246 511 1604 560 fimilitudinem

255 588 513 638 Romanae
543 595 649 634 erat
686 586 963 635 constituta.
1032 587 1104 635 Ut
1150 588 1280 635 enim
1322 588 1533 649 Romae,
1567 588 1604 635 fi

255 681 420 729 parva,
439 665 585 711 liceat
613 678 909 726 componere
926 665 1119 728 magnis
1136 698 1153 725 ‚
1180 665 1244 712 fic
1266 666 1412 712 etiam
1437 667 1491 712 in
1516 682 1605 712 co·-

254 744 400 790 loniis
436 742 705 789 concilium
733 742 831 789 fuit
868 742 1077 789 Senatus
1104 750 1154 789 et
1180 742 1379 805 Populi.
1450 741 1606 789 Sena—

253 829 337 868 tus
380 818 634 866 dicebatur
683 818 847 880 Curia
883 819 987 878 live
1022 818 1309 883 Collegium
1344 820 1606 867 Decurio-

256 912 395 944 num.
429 894 570 943 Nihil
594 895 649 941 in
664 895 991 943 marmoribus
1007 896 1315 958 frequentius
1332 904 1406 943 est
1422 910 1569 958 quam
1586 911 1604 942 ε

256 988 369 1021 nne.
402 988 545 1031 001..;
579 972 729 1018 immo
758 988 1134 1035 nonnumquam
1158 975 1308 1036 ipfius
1336 975 1480 1021 etiam
1510 973 1608 1021 Se-

259 1054 435 1098 natu-‘1³r
456 1049 657 1095 nomine
692 1049 844 1096 venit.
938 1036 1077 1096 Unde
1125 1050 1308 1112 colligit
1351 1045 1629 1112 Sigonius,'

255 1127 527 1176 nonnullas
558 1126 704 1172 etiam
732 1127 857 1187 leges
888 1143 918 1173 a
945 1125 1127 1174 Senatu
1153 1133 1201 1172 et
1239 1126 1427 1188 populo
1454 1127 1607 1174 fuis&
1638 1186 1643 1193 ι

254 1205 396 1251 latas.
468 1201 666 1263 Opinor
695 1208 857 1248 tamen
874 1235 891 1260 ‚
932 1217 1012 1248 eas
1042 1209 1130 1248 aut
1156 1202 1218 1248 ad
1243 1204 1335 1265 inav
1352 1204 1602 1264 privatum

253 1279 552 1345 pertinuisse
567 1313 583 1339 ,
609 1285 696 1325 aut
721 1279 756 1326 fi
779 1279 840 1325 ad
863 1279 940 1326 ius
966 1278 1220 1341 publicum
1240 1313 1254 1339 ‚
1280 1296 1361 1327 eas
1377 1314 1392 1341 ‚
1423 1286 1480 1326 ut
1504 1280 1604 1329 vim

255 1352 493 1407 haberent
509 1391 525 1418 ,
559 1356 900 1404 Romanorum
929 1354 1299 1405 confirmatione
1323 1351 1603 1422 indiguisse.

254 1435 464 1484 Concilii
483 1441 646 1481 autem
672 1433 784 1480 socii
794 1434 1115 1480 Decurionec
1137 1435 1450 1495 dicebantur,
1474 1438 1605 1497 quod

251 1513 399 1568 docet
421 1511 621 1570 Cicer0,
650 1508 738 1557 ubi
764 1511 879 1557 dicit
905 1511 1072 1573 (5¹77):
1097 1519 1390 1572 conventum
1408 1511 1606 1572 Capuae

253 1596 400 1636 antea
423 1584 759 1648 praefecturae
775 1617 789 1643 ,
814 1587 1041 1646 deinceps
1068 1587 1260 1631 colonia
1281 1601 1340 1631 eo
1358 1586 1566 1634 deducta
1579 1621 1597 1647 ‚

253 1670 445 1714 mutato
462 1662 691 1722 nomine,
711 1661 1006 1708 decuriones
1032 1660 1176 1708 fuisse
1199 1660 1398 1708 dictum.
1445 1661 1605 1710 Pom-

253 1741 441 1803 ponius
473 1740 608 1785 Ictus
633 1744 802 1795 notat,
831 1731 1065 1797 quosdam
1093 1743 1379 1797 autumare,
1418 1753 1502 1785 eos
1532 1740 1607 1787 ita'

249 1819 405 1865 dictos
429 1815 577 1863 fuisse
597 1831 609 1862 :
645 1830 673 1861 2>
696 1812 844 1872 Quod
870 1813 1043 1873 initio,
1069 1829 1182 1860 cum
1204 1814 1423 1860 coloniae
1444 1816 1605 1864 dedu-

248 1900 510 1952 ceremur,
550 1892 733 1937 decima
760 1904 876 1950 pars
903 1904 1105 1949 eor-um,
1146 1889 1232 1950 qui
1269 1890 1600 1954 ducerentur,

248 1968 439 2019 confilii
470 1966 656 2029 publici
686 1965 845 2029 gratia
874 1964 1114 2012 conscribi
1145 1965 1282 2012 solita
1321 1966 1412 2013 fit'’
1441 1968 1596 2031 (578).

252 2047 570 2106 Quamquam
600 2050 732 2089 certo
761 2042 856 2087 dici
883 2042 1086 2103 nequit,
1114 2048 1265 2103 quot,
1291 2048 1341 2087 et
1363 2058 1480 2090 num
1510 2060 1602 2091 eo-

249 2125 359 2169 dem
390 2136 597 2169 numero
626 2121 679 2166 in
708 2117 935 2165 omnibus
963 2118 1167 2164 coloniis
1200 2118 1399 2168 fuerint.
1464 2122 1600 2169 Cen-

246 2207 359 2248 tum
396 2198 558 2245 saltem
605 2197 655 2242 in
697 2194 956 2242 nonnullis
998 2193 1176 2255 fuisse,
1209 2194 1416 2247 statuere
1448 2197 1595 2260 licet,

1484 2267 1664 2326 cum-

294 2409 615 2461 (377)C1cssno
648 2416 717 2457 pro
755 2407 886 2445 Sextio
928 2417 964 2445 c.
997 2418 1034 2456 4·
1089 2408 1161 2447 Cf.
1200 2421 1379 2458 sum-ow.
1415 2411 1456 2448 in
1491 2411 1595 2461 Aug.

165 2465 169 2469 ⁸
244 2484 283 2514 e.
310 2472 386 2521 46,
421 2481 510 2515 101,

293 2530 421 2584 (378)
448 2529 536 2570 vid.
560 2530 588 2567 1.
611 2539 708 2577 239,
736 2529 757 2578 §
785 2540 823 2578 5.
850 2528 899 2567 D.
923 2527 971 2566 de
997 2527 1048 2568 V.
1072 2529 1115 2576 S.
