1787 3205
250 210 311 274 94
500 210 598 259 nu
630 209 959 260 cOLoan
995 210 1364 264 varranum

244 369 392 416 Ioniis
423 367 735 418 observatum
767 369 948 433 fuisse,
978 383 1042 417 ex
1067 371 1242 418 multis
1273 371 1514 436 apparet3
1542 374 1610 421 ita

246 453 305 494 nt
320 481 336 508 ‚
371 462 496 508 quae
523 447 660 494 huno
682 462 872 494 morem
902 448 1159 510 sprevisset
1187 451 1379 500 colonia
1397 473 1417 514 ‚·
1444 451 1612 500 omni-

244 540 311 570 no
339 532 618 572 notaretur.
689 524 898 589 Egregie
931 525 1025 573 hoc
1058 524 1383 576 confirmatur
1413 545 1451 577 a·
1481 530 1613 577 Dio-

243 603 368 650 doro.
407 604 573 650 Siculo
589 637 604 663 ,
650 603 737 665 qui
780 602 1061 651 Corinthios
1114 604 1404 674 Corcyraeis
1444 607 1613 655 infen-

244 680 320 726 sos
362 679 510 726 fuisse
533 680 634 741 ait,
679 686 948 743 propterea
990 680 1124 743 quod
1163 681 1223 729 hi.
1253 682 1339 730 soli
1367 683 1614 747 fuissent,

243 760 330 820 qui
354 759 490 805 hunc
515 774 704 806 morem
731 774 837 804 non
863 757 1195 806 observassent
1208 759 1364 822 (220).
1412 761 1612 808 Metro-

241 835 371 896 polis
399 833 519 885 vero
550 835 733 898 legatos
762 835 817 881 in
845 833 1089 882 coloniam
1118 834 1343 883 mittebat
1356 854 1380 898 ,·
1415 844 1475 884 ut
1500 837 1608 885 eius

240 913 391 959 sacris
418 913 711 959 interessent
739 910 1066 971 solemnibus3
1110 912 1209 958 illis
1247 922 1413 960 autem
1442 908 1613 962 coloni·

240 990 483 1037 maximos
516 987 803 1037 tribuebant
830 988 1078 1049 honores;
1110 989 1256 1053 legati
1294 991 1425 1038 enim
1456 985 1611 1042 victi-

240 1083 351 1125 mae
380 1067 561 1113 molam
593 1066 758 1113 salsam
786 1066 1138 1127 adspergebant
1153 1091 1177 1126 ,·
1203 1066 1486 1114 libationem
1525 1070 1609 1115 sa-

243 1160 378 1191 cram
416 1142 663 1190 faciebant
680 1177 696 1204 ,
739 1143 1071 1205 princepsque
1092 1142 1153 1188 iis
1188 1142 1327 1190 loeus
1357 1145 1612 1213 (προεδρία)

239 1223 294 1267 in
350 1221 480 1267 ludis
540 1228 591 1267 et
639 1220 886 1283 primitiae
933 1219 1195 1267 dabantur.
1273 1219 1440 1283 Atque
1481 1239 1610 1271 cau..

238 1299 339 1345 sam
357 1332 371 1358 ,
419 1304 629 1360 propter
683 1314 830 1361 quam
873 1295 1119 1344 Corinthii
1144 1296 1452 1360 Corcyraeos
1492 1301 1607 1349 odio

237 1374 490 1436 prosecuti
530 1374 678 1420 fuisse
709 1374 976 1433 dicuntur,
1009 1373 1137 1419 hanc
1164 1372 1312 1429 affert
1340 1374 1610 1438 Thucydi-

237 1452 354 1515 deS,
400 1451 535 1516 quod
567 1451 621 1500 hi
672 1451 807 1501 hunc
843 1454 1030 1499 morem
1076 1449 1402 1514 neglexissent
1441 1453 1599 1516 (221).

1499 1529 1610 1578 Im·-

288 1771 420 1821 (οπο)
452 1773 581 1811 Dion.
607 1780 687 1812 stc.
708 1770 799 1810 ΧΠ.
833 1779 899 1817 3ο.
936 1759 1012 1810 διὰ
1047 1759 1099 1810 τὸ
1139 1759 1308 1823 μόνους
1344 1761 1438 1812 τῶν
1471 1761 1605 1813 ἆποι·

237 1833 328 1881 κῶν
364 1830 426 1895 μὴ
454 1835 643 1894 πέμπειν
664 1828 723 1879 τὰ
747 1831 1059 1891 κατειθισμένα
1088 1832 1222 1893 ἱερεῖα
1244 1830 1298 1895 τῇ
1321 1828 1605 1895 μητροπόλει.

237 1908 300 1945 De
328 1908 407 1946 hoc
432 1917 540 1943 more
574 1906 632 1944 cf.
656 1914 856 1943 pommus
886 1903 1054 1951 Exerpt.
1077 1902 1215 1950 Legat.
1239 1913 1276 1941 c.
1302 1914 1390 1952 1¹4·
1424 1903 1601 1944 Eundem

234 1978 384 2006 morem
417 1979 437 2006 a
462 1963 836 2015 Carthaginiensibus
877 1964 1122 2002 observatum
1156 1963 1272 2002 fuisse
1304 1964 1414 2014 supra
1441 1965 1605 2006 vidimus

234 2042 284 2069 ex
316 2038 477 2069 coarto
512 2026 653 2067 1V.2.
764 2064 770 2071 ,

291 2091 419 2142 (221)
449 2090 644 2129 Tnucvn.
673 2089 705 2127 1.
730 2099 794 2137 ας.
834 2078 934 2127 ούτε
979 2076 1067 2142 γὰρ
1112 2080 1160 2127 ἔν
1202 2076 1465 2158 πανεγῦρεσι
1503 2075 1603 2139 ταῖς

237 2156 407 2205 κοιναῖς
449 2145 642 2204 διδόντες
681 2152 791 2210 γέρα
821 2144 880 2194 τοὶ
918 2143 1212 2208 νομιζόμενα,
1243 2144 1343 2194 ούτε
1372 2150 1601 2228 Κορινθίῳ

237 2216 368 2280 ἀνδρὶ
408 2213 824 2278 προκαταρχόμενοι
863 2215 978 2261 τῶν
975 2213 1115 2276 ἱερῶν
1131 2248 1144 2269 ,
1198 2209 1337 2276 ὥςπερ
1375 2219 1424 2260 αἱ
1471 2214 1606 2263 ἄλλαι

237 2283 456 2331 αποικὶαι.
511 2289 585 2331 nic
623 2290 744 2326 locus
783 2288 830 2324 ab
868 2286 1140 2335 interpretibus
1170 2286 1284 2329 valde
1320 2297 1379 2325 est
1409 2298 1603 2336 vexatus,

236 2355 506 2395 difficultatem
530 2364 658 2392 autem
687 2355 722 2391 in
739 2352 870 2403 primis
886 2353 1089 2400 praebent:
1116 2348 1237 2408 γέρα-
1253 2343 1311 2392 τὰ
1334 2345 1603 2407 νομιζόμενα

235 2419 282 2463 ἐν
320 2412 584 2478 πανεγίρεσι
629 2414 728 2469 τᾶις
761 2430 958 2467 κοιναις,
983 2415 1110 2465 quod
1131 2417 1369 2456 scholiastes
1406 2420 1601 2468 explicat:

233 2481 315 2537 τὰς
338 2480 469 2541 τιμὲ.ς
496 2486 574 2529 καὶ
609 2482 871 2543 προεδρίας,
902 2495 966 2524 et.
995 2475 1406 2541 προκαταρχόμενοι
1432 2479 1521 2527 τῶν
1545 2485 1604 2526 ἱε-

234 2551 349 2613 ρῶν,
379 2554 489 2603 quod
511 2556 538 2592 i
535 2554 608 2593 em
636 2553 765 2592 scholi
770 2562 867 2592 astes
886 2552 980 2591 inter
968 2563 1028 2602 ,τρ
1032 2560 1178 2591 etatur:
1197 2542 1388 2601 διδόντες
1415 2543 1496 2602 ’τὰς
1522 2565 1602 2593 κα-

1497 2617 1601 2675 Ἰαρ-
