1787 3205
234 230 301 280 66
482 231 584 281 DE
625 224 954 279 COLONIIS
985 227 1359 282 VETERUM.

240 388 418 438 cebant
431 423 448 452 ,
474 389 721 454 amicitia,
745 387 977 440 fidelitate
995 389 1155 441 aliove
1177 390 1381 441 vinculo
1391 388 1493 440 fibi
1511 389 1605 439 ‹le-⁴

236 468 432 517 vinctos
447 502 464 530 ,
509 465 664 532 atqu&
700 469 765 516 fic
808 470 862 516 in
905 470 1016 536 aliis
1042 475 1293 517 terrarum
1323 467 1607 534 regionibus

225 541 463 594 'colonias
515 546 860 605 condiderunt.
941 543 1019 594 Ita
1083 535 1303 594 Achaeus
1348 545 1608 611 homicidio

240 624 499 671 commisso
544 622 759 672 Atticam
803 622 1059 685 reliquisse
1072 656 1090 683 ,
1151 623 1344 686 seseque
1385 622 1609 672 coloniae

238 696 581 764 praeposuisse
619 708 670 748 et
711 699 963 747 civitatem
997 700 1052 745 in
1095 698 1437 762 Peloponneso
1481 716 1608 747 con-

237 776 410 824 didisse
444 775 610 825 fertur
649 776 805 842 (140).
874 775 1046 824 Eidem
1086 776 1162 824 rei
1204 776 1398 824 colonia
1434 775 1611 840 Ephe-

236 855 422 903 fiorum
488 854 659 904 Eleam
714 842 937 918 profecta
965 854 1223 917 'originem
1265 853 1489 902 debuisse
1534 853 1609 903 vi-

236 919 386 981 detur
414 932 571 995 (141).
642 932 792 980 Tales
835 938 1003 980 autem
1047 931 1268 979 coloniae
1282 965 1299 993 ,
1339 946 1468 994 quae
1504 930 1610 979 fere

143 1017 145 1019 ’
236 1010 436 1072 privata
498 1009 711 1057 alicuius
772 1009 1070 1057 auctoritate
1127 1007 1608 1072 proficiscebantur,

239 1093 554 1149 quantopere
589 1085 821 1133 differant
862 1084 925 1132 ab
960 1085 1025 1132 iis
1040 1117 1059 1146 ,
1097 1101 1225 1148 quae
1250 1085 1478 1149 deinceps
1502 1085 1611 1148 ipfiz
1688 1096 1690 1098 ’

236 1163 436 1211 civitate
493 1169 700 1208 auctore
762 1160 1165 1223 deducebantur',
1211 1177 1276 1210 ex
1325 1163 1390 1210 iis
1407 1196 1426 1225 ,
1483 1177 1620 1226 quae·

236 1239 371 1287 infra
389 1237 575 1286 dicturi
604 1238 774 1286 snmus
790 1270 806 1298 ,
837 1238 953 1286 satis
980 1238 1261 1301 apparebit.

201 1323 203 1325 ’
307 1315 388 1363 Ad
426 1314 648 1362 colonias
680 1317 878 1377 privata
920 1315 1217 1363 auctoritate
1253 1314 1488 1363 deductas
1523 1329 1612 1363 eae

236 1408 438 1456 quoque
460 1390 746 1451 referendae
773 1392 887 1442 sunt
901 1426 917 1454 ,
945 1408 1073 1455 quae
1098 1407 1129 1439 a
1155 1391 1473 1455 principibus
1487 1426 1505 1454 ,
1538 1393 1611 1440 se-

240 1470 426 1517 ditione
452 1470 611 1519 aliave
637 1485 699 1516 ex
726 1470 869 1517 causa
891 1470 1058 1532 patria
1086 1468 1299 1531 expulfis
1311 1503 1328 1530 ,
1353 1475 1498 1517 erant
1523 1469 1615 1517 de‘-

238 1547 435 1595 ductae.
506 1546 583 1595 Ita
618 1544 910 1597 Salmoneus
942 1563 1004 1594 ex
1042 1544 1244 1594 Aeolide
1278 1562 1393 1593 cum
1434 1562 1613 1610 magna

240 1623 457 1689 Aeolum
485 1621 628 1684 copia
657 1622 914 1685 profectus
933 1657 949 1684 ,
996 1622 1216 1686 (fortasse
1245 1619 1455 1685 propter
1479 1623 1609 1671 sedi-

239 1701 427 1748 tionem
448 1734 466 1762 ,
509 1700 627 1747 licet
673 1699 799 1747 illud
837 1716 898 1747 ex
939 1700 1265 1762 scriptoribus
1307 1707 1443 1747 certo
1483 1700 1611 1749 effici

238 1777 473 1840 nequeat)
524 1777 582 1823 in
628 1773 819 1823 Elidem
876 1777 1048 1836 venit,
1108 1776 1275 1841 ibique
1313 1776 1489 1826 urbem
1532 1778 1609 1827 sui

238 1854 460 1902 nominis
500 1852 810 1902 Salmoneam
848 1854 1067 1902 condidit
1109 1855 1268 1919 (142).
1315 1856 1479 1920 ‚Haec
1511 1871 1610 1904 au—

238 1940 340 1980 tem
371 1933 567 1979 colonia
607 1931 692 1978 alii
721 1932 940 1980 eiusdem
967 1932 1160 1995 generis
1185 1933 1424 1996 originem
1454 1933 1607 1981 dedit.

241 2009 449 2058 Aetolus
474 2009 654 2056 scilicet
680 2008 947 2057 secundum
977 2008 1241 2072 Ephorum
1269 2010 1405 2073 (145)
1439 2025 1470 2057 a
1486 2010 1607 2058 ,Sal-

1498 2105 1613 2137 mo-

294 2317 423 2371 (¹40)
452 2317 619 2358 STRAuo
649 2316 764 2357 vm.
791 2328 833 2367 p.
858 2318 947 2365 588.

290 2380 420 2432 (14¹)
448 2381 512 2421 De
551 2380 624 2419 hae
651 2379 808 2419 colonia
848 2379 932 2422 vid.
970 2390 1114 2422 mour.
1152 2393 1378 2425 noenu-ra
1420 2384 1501 2437 Op.
1526 2388 1605 2429 ’cit-

243 2450 341 2481 tom.
364 2441 454 2488 ΙΙΙ,
481 2452 522 2491 p.
551 2452 638 2491 140.

291 2502 421 2555 (142)
450 2502 617 2543 Srmno
643 2501 772 2547 vm,
800 2512 841 2551 p.
867 2509 961 2552 545.
1012 2503 1142 2548 ono,
1162 2515 1240 2545 sxc.
1268 2505 1341 2545 VI.
1365 2507 1431 2549 68.

296 2562 425 2616 (143)
455 2563 655 2606 Ernonus
682 2562 784 2614 apud
813 2574 1062 2606 sranoutm
1090 2565 1208 2607 vul.
1234 2578 1274 2618 p.
1300 2578 1390 2620 547.
