1787 3205
254 205 347 253 124
503 175 969 256 DEzfflnans
991 209 1372 264 svmxmvmf'

649 457 698 484 z
778 472 802 481 ··
849 477 853 480 -
1022 462 1111 490 --,-’
1138 462 1315 493 ·τ.ῖ;’....,;ῑ
1345 489 1356 494 ,,
1427 468 1461 485 ῑ’
1512 469 1547 494 -4,
1573 467 1619 495 ..¹1

277 668 279 670 ¹
516 672 524 681 “
763 711 767 713 .
896 698 901 703 -
972 692 980 715 ›
1052 694 1269 722 .:;:.'1'2.'‘:3.5.3
1424 699 1439 736 ,ι
1525 698 1615 740 35:³2.

473 761 550 792 nn
597 758 909 793 ecmonus
954 754 1390 812 uoumxnnum.
1430 773 1450 797 :-
1497 755 1613 799 2:133:

251 1286 616 1357 Romanarum
643 1307 951 1353 coloniarum
982 1306 1184 1354 confilia
1210 1313 1264 1354 et-
1287 1307 1503 1354 rationes
1525 1308 1605 1354 de-

246 1385 460 1432 Icribere
482 1401 619 1432 nunc
642 1385 927 1447 aggredior3
955 1399 1084 1445 quae
1097 1418 1113 1444 ‚
1132 1383 1226 1433 five
1243 1385 1409 1432 causas
1427 1385 1608 1446 specte-

246 1478 390 1521 mus,
419 1461 481 1507 ob
516 1477 638 1523 quas
665 1461 888 1523 populus
921 1460 1182 1507 Romanus
1210 1476 1290 1507 eas
1313 1461 1605 1520 deduxerit,

248 1538 347 1587 five
359 1573 375 1598 ‚
393 1538 491 1583 illis
507 1538 725 1583 deductis
738 1572 753 1597 ‚
771 1538 833 1583 ad
848 1538 1431 1585 vinculum-attendamus
1440 1571 1456 1597 ,
1476 1540 1608 1599 quod

247 1617 383 1663 inter
408 1629 491 1661 eas
507 1622 557 1662 et
573 1598 875 1678 metropolin
891 1615 1214 1661 intercederet
1224 1648 1240 1674 ‚
1258 1630 1288 1661 a
1303 1613 1609 1663 Graecorum

242 1694 295 1739 in
328 1692 537 1739 coloniis
564 1699 673 1738 tum
699 1691 994 1737 deducendis
1018 1699 1127 1736 tum
1155 1690 1463 1744 instituendis
1482 1708 1608 1738 eon—

246 1769 362 1817 filiis
383 1804 399 1831 ,
434 1777 483 1816 et
505 1785 624 1818 vero
650 1768 712 1830 ab
736 1768 795 1814 iis
811 1802 825 1828 ,
860 1783 987 1830 quae
1012 1766 1285 1814 Phoenices
1322 1769 1472 1815 secuti
1504 1769 1609 1815 fue-

240 1855 388 1907 rant,
418 1847 563 1909 longe
590 1845 896 1893 differebant.
945 1844 1179 1902 Vidimus
1202 1846 1362 1906 enim,
1389 1846 1610 1893 Phoeni·

244 1941 324 1971 ces
359 1940 418 1970 eo
466 1925 520 1969 in
563 1923 743 1985 primis
790 1922 992 1968 confilio
1021 1921 1240 1969 colonias
1278 1922 1513 1983 emisisse,
1544 1932 1604 1973 ut

243 2007 554 2048 mercaturae
580 2007 631 2046 et
654 1999 955 2062 navigationi
972 1998 1085 2046 illae
1102 1999 1395 2050 inservirent
1414 2036 1430 2062 ‚
1450 2008 1605 2064 utque

242 2079 335 2125 hae
359 2093 452 2140 per
477 2076 695 2123 colonias
719 2076 873 2139 magis
898 2076 1150 2139 magisque
1176 2086 1606 2140 propagarentur;

242 2155 466 2202 Graecos
498 2161 664 2200 autem
708 2154 827 2200 haec
871 2154 1069 2200 confilia
1108 2154 1424 2215 aliquantum
1461 2157 1608 2204 fuisse

240 2234 432 2280 secutos
449 2265 464 2291 ,
494 2230 608 2276 licet
638 2229 785 2276 etiam
804 2237 1013 2293 propter
1027 2230 1149 2277 alias
1167 2232 1333 2278 causas
1356 2248 1458 2279 non
1476 2240 1610 2295 p'au-

240 2327 322 2357 cas
352 2308 649 2355 deduxerint
670 2307 907 2356 colonias,
955 2306 1170 2354 Romani
1194 2316 1399 2370 contra,
1428 2310 1607 2371 quibus

240 2393 520 2435 mercatura
544 2394 593 2434 et
618 2385 865 2449 navigatio
894 2401 995 2432 non
1019 2386 1139 2431 adeo
1167 2386 1304 2432 cordi
1331 2394 1501 2447 erant,
1530 2388 1607 2435 sed
1674 2447 1676 2449 v

242 2465 333 2527 qui
368 2465 510 2510 bellis
536 2465 760 2526 gerendis
787 2464 986 2525 imperii
1020 2461 1140 2508 fines
1180 2465 1332 2525 magis
1357 2464 1607 2526 magisque

239 2557 519 2607 propagare
561 2540 843 2603 studebant,
900 2541 1016 2588 haec
1053 2539 1206 2589 studia
1249 2542 1398 2609 secuti
1442 2543 1608 2607 potius

1525 2636 1612 2665 CO-
