1787 3205
239 177 332 225 106
492 177 589 225 DE
626 154 952 225 0020an
989 175 1359 227 VETERUM.
1467 179 1498 237 2T<

243 338 422 403 Neque
445 342 575 387 inter
602 345 788 387 veteres
816 339 1085 388 defuerunt
1103 375 1117 400 ,
1147 343 1234 402 qui
1259 342 1384 388 hanc
1411 342 1602 389 doetri⁶

243 434 357 464 nam
376 425 718 479 agnoscerent,
745 418 928 464 Tullus
946 418 1194 464 Hostilius
1209 419 1332 465 dixit
1351 420 1483 481 (255)
1506 435 1519 466 :
1555 417 1618 469 τὸ

244 500 292 544 δὲ
309 494 462 560 ἄρχειν
488 499 534 545 ἔκ
559 495 727 553 παντός
754 498 841 544 τῶν
864 493 1081 545 ἇποικιῶν
1104 494 1186 552 τὰς
1207 497 1499 563 μητροπόλεις
1513 518 1527 555 ,’
1551 497 1610 554 ὥς

245 572 496 636 ἀναγκαῖον
510 595 553 622 τι
567 573 740 639 φύσεως
763 572 974 635 νόμιμον,
1002 572 1100 622 οὗτε
1124 572 1283 631 ἀληθὲς
1313 575 1412 624 οὗτε
1437 580 1616 644 δίκαιρν

245 649 425 709 ἠξιοῦτο
452 649 528 715 ὑφ’
557 649 696 711 ἡμῶν.
714 675 778 683 —
797 648 1012 706 Quantis
1046 656 1212 695 autem
1246 651 1608 697 mutationibus

245 728 340 772 ista
366 727 446 772 lex
478 732 685 772 naturae
716 741 808 787 per
836 724 1097 772 constituta
1120 726 1374 774 hominum
1400 727 1614 774 subiecta

244 803 333 864 fit,
360 804 575 849 nimium
603 811 678 849 est
704 810 894 850 notum.

313 880 446 927 Iuris
482 880 769 942 vinculum,
816 880 946 942 quod
992 881 1123 927 inter
1169 881 1385 929 colonias
1425 888 1475 928 et
1504 896 1614 927 me-

247 959 469 1020 tropoles
526 958 743 1003 Graecas
795 958 1125 1005 intercedebat
1145 993 1160 1019 ,
1220 947 1322 1005 non
1381 958 1615 1005 omnibus

248 1036 377 1082 idem
404 1035 534 1097 suit,
568 1051 682 1080 cum
724 1034 865 1097 saepe
911 1034 1035 1081 illud
1079 1036 1314 1096 penderet
1338 1052 1368 1084 a
1396 1035 1614 1081 conditi-

251 1113 466 1171 onibus,
515 1113 694 1171 quibus
735 1113 969 1157 deductae
1013 1112 1249 1170 fuissent,
1295 1113 1497 1173 quaein
1534 1119 1617 1158 ta-

247 1189 378 1235 bulis
424 1187 682 1250 (ἆποίκιοις)
716 1186 1115 1233 continebantur.
1188 1187 1473 1235 Generatim
1516 1205 1622 1236 au·-

246 1274 347 1313 tem
381 1266 578 1312 credere
608 1265 752 1324 licet,
793 1264 1009 1310 Graecas
1043 1265 1258 1311 colonias
1292 1266 1614 1313 civitates‘li-

246 1343 390 1391 beras
428 1344 607 1404 fuisse,
648 1358 707 1390 eo
747 1343 917 1403 sensu,
951 1342 1084 1404 quod
1108 1344 1405 1405 metropoles
1450 1344 1503 1390 in
1533 1360 1616 1391 eas

248 1423 518 1483 imperium
543 1436 644 1467 non
668 1428 1006 1465 exercererent
1020 1454 1036 1481 ,
1075 1422 1419 1467 auctoritatem
1451 1430 1615 1468 tamen

249 1499 506 1546 haberent.
565 1498 700 1544 Num
744 1504 907 1544 autem
953 1513 1037 1543 eae
1065 1499 1261 1544 emissae
1293 1498 1480 1554 fuerint
1498 1533 1512 1558 ,
1558 1506 1618 1545 ut

253 1591 428 1626 revera
440 1576 534 1622 hoo
552 1575 661 1621 iure
678 1581 938 1619 uterentur
957 1608 972 1634 ‚
998 1590 1060 1620 an
1080 1590 1196 1622 vero
1223 1582 1278 1621 ut
1296 1575 1370 1622 his
1397 1576 1619 1636 promis-

1562 1653 1625 1698 fis

256 1853 375 1901 atque
392 1860 500 1889 antea
516 1848 677 1899 imperio
702 1848 892 1886 subiectas
922 1846 1027 1893 esse,
1049 1847 1088 1886 in
1115 1847 1245 1898 primis
1265 1846 1290 1885 fi
1310 1847 1417 1894 regio
1445 1846 1623 1885 coloniae

255 1914 480 1954 condendae
506 1913 552 1950 ad
579 1912 816 1959 metropolin
843 1911 1047 1958 pertineat,
1083 1919 1122 1947 et
1148 1910 1212 1947 ina
1228 1910 1274 1947 ab
1296 1909 1513 1954 indicetur3
1540 1918 1622 1946 tum

258 1979 295 2015 in
320 1977 391 2014 hac
414 1975 577 2023 regione
604 1972 765 2019 iisdem,
791 1981 910 2020 atque
931 1982 1036 2009 antea
1052 1972 1088 2009 in
1109 1972 1345 2021 metropoli,
1366 1971 1511 2009 iuribus
1533 1981 1624 2018 gau·
1648 1965 1655 1974 ’“

260 2040 375 2083 dere,
407 2050 486 2075 non
512 2047 605 2073 vero
633 2035 915 2077 subdititiorum
947 2034 1027 2071 esse
1065 2037 1251 2078 nnmer03
1282 2033 1381 2072 adeo
1416 2044 1460 2071 ut
1490 2032 1622 2070 eadem

259 2100 394 2138 civitas
416 2109 484 2148 per
504 2098 597 2135 duas
616 2097 796 2145 pluresve
811 2096 987 2144 regiones
1011 2094 1116 2146 quati
1148 2106 1400 2145 propagetur.
1419 2095 1554 2144 Atque
1572 2094 1625 2132 ita

262 2161 339 2200 sine
355 2162 475 2198 dubio
491 2159 759 2204 intelligendus
776 2167 837 2196 est
857 2158 1023 2196 summus
1047 2169 1196 2195 nostras
1213 2169 1393 2196 onorius
1409 2185 1423 2202 ‚
1445 2159 1534 2201 ubi,
1567 2157 1626 2193 De

262 2224 355 2264 Iure
379 2222 480 2259 Belli
498 2228 536 2256 et
562 2220 673 2257 Pacis
699 2219 750 2256 11.
776 2230 826 2267 9,
853 2220 872 2267 §
907 2230 967 2257 10.
993 2219 1113 2259 dicit:
1134 2218 1185 2270 fic
1215 2231 1349 2257 novum
1368 2219 1546 2268 populum
1562 2215 1630 2264 sui

261 2289 360 2327 iuris
390 2285 519 2330 nasci3
549 2294 632 2321 nam
659 2282 753 2320 baec
793 2282 838 2319 ad
878 2283 1037 2321 verbum
1075 2294 1152 2320 non
1186 2283 1265 2320 esse
1304 2281 1482 2321 sumenda
1517 2280 1628 2328 supra

262 2350 410 2398 saepius
444 2344 637 2391 indicavi,
676 2354 764 2381 curn
797 2343 952 2380 colonia
986 2343 1165 2389 condita,
1200 2354 1327 2384 novus
1356 2342 1522 2391 {quidem
1557 2341 1630 2389 po-

267 2413 410 2461 pulus.
450 2410 628 2459 respectu
669 2407 713 2444 ad
755 2406 820 2450 se,
874 2415 1099 2454 ceterasque
1137 2416 1270 2453 gentes
1313 2414 1634 2448 nascatur,·nou

265 2484 362 2511 vero
387 2470 655 2517 metropoleos
686 2468 815 2506 habita
837 2468 995 2504 ratione.

323 2532 449 2585 (255)
480 2532 595 2581 Apud
624 2543 742 2570 mom.
776 2541 871 2568 um„
899 2528 972 2567 111.
1007 2540 1068 2567 ιι.

1442 2515 1454 2537 k
