1787 3205
367 245 464 299 DE
499 242 827 302 COLONIIS'
861 240 1230 302 VETERUM.
1420 240 1485 297 81·

184 410 343 460 Immo
368 405 485 459 'non
523 403 808 475 numquam¹
829 409 991 472 ipsum
1036 410 1295 458 oraculum
1338 409 1481 458 colo-

105 487 253 540 *niam‘
275 488 450 537 deduci
477 488 676 539 iubebat
694 522 711 550 ,
749 487 891 536 cuius
934 487 1008 535 rei
1050 487 1332 551 exemplum
1355 505 1485 551 pro-

116 568 225 616 fert
251 566 499 615 Iustinus}
522 567 783 630 ‘³»2Gyrene
820 572 985 614 autem
1001 564 1058 628 ,⁹⁹
1104 566 1274 630 inquit
1308 566 1480 630 (179),

118 639 366 693 »condita
407 635 527 693 fuit'
556 644 617 692 ab
660 642 919 706 Aristaeo,
964 646 1045 692 cui
1091 648 1274 693 nomen
1328 644 1480 691 Batto

118 739 148 772 »
168 730 376 786 propter
399 724 606 786 ,linguae
633 722 979 785 obligationem
1000 722 1120 770 fuit.
1190 722 1360 770 Huius
1386 739 1485 787 pa-

117 808 243 848 n'ter
272 800 464 847 Grinus
480 797 510 860 '‚‘
544 815 633 846 rex
659 798 855 846 Therae
881 799 1070 847 insulae
1087 834 1104 861 ,
1139 816 1254 847 cum
1278 801 1339 847 ad
1364 817 1486 848 ora-

120 891 149 924 n
170 867 352 923 culuns
372 876 595 936 Delphos
610 908 626 934 ,
671 868 883 936 propter
923 864 1133 923 dedecus
1162 876 1484 923 adolescentis

105 969 147 999 ·»
165 951 257 999 filii
295 952 516 999 nondum
560 952 810 1013 loquentis
832 984 849 1011 ,
916 951 1085 1000 Deum
1129 953 1502 1017 deprecaturus-

118 1047 146 1077 »
168 1030 406 1090 venisset,
456 1028 745 1091 responsum
786 1029 1013 1094 accepit,
1073 1046 1173 1093 quo
1218 1030 1488 1078 iubebatur

116 1122 144 1155 »
166 1105 297 1154 filius
340 1106 446 1169 eius
491 1096 671 1153 Battus
712 1103 965 1168 Africam
994 1115 1181 1170 petere
1208 1116 1261 1162 et
1303 1108 1485 1157 urbem

116 1201 145 1232 »
169 1183 404 1247 Cyrenen
433 1183 650 1230 condere
667 1216 683 1243 ‚
700 1184 865 1247 usum
899 1183 1112 1248 linguae
1140 1185 1216 1234 ibi
1239 1195 1486 1250 acceptu-

119 1279 147 1311 »
171 1264 299 1311 νιιεη
335 1260 492 1324 (180).

180 1341 326 1388 Patet
364 1338 514 1403 igitur
531 1371 549 1399 ‚
585 1343 775 1385 tantam
808 1354 979 1386 curam
1016 1339 1235 1389 Graecos
1281 1341 1486 1405 posuis-

116 1417 164 1464 se
187 1417 240 1465 in
269 1414 534 1464 condendis
559 1414 798 1478 coloniis,
827 1423 1061 1477 quantam
1095 1434 1210 1464 cum
1238 1420 1315 1465 rei
1348 1435 1488 1481 pon-

114 1495 231 1542 dere
248 1535 250 1537 .
268 1486 442 1556 atque:
473 1498 725 1539 momento
769 1493 1035 1546 convenire
1083 1494 1488 1555 perspiciebant3

116 1556 236 1617 adeo
276 1576 336 1616 ut
350 1602 367 1629 ‚
422 1568 648 1630 quamvis
690 1567 884 1613 colonia
926 1568 1050 1615 esset
1094 1568 1291 1617 decreta
1310 1605 1325 1631 ,
1374 1587 1483 1619 eam
1558 1580 1561 1584 '

114 1662 220 1694 non
251 1652 435 1692 temere
463 1652 630 1692 tamen
677 1643 1004 1706 deducerent,
1042 1636 1319 1694 inconsulto
1363 1664 1483 1697 ora-

115 1724 229 1772 culo
250 1757 265 1784 ‚
312 1738 425 1770 cum
468 1722 531 1768 iis
567 1721 984 1783 persuafisfimum
1028 1723 1151 1770 esset
1168 1758 1184 1783 ,
1237 1725 1482 1788 coloniam

114 1788 208 1854 hoc
238 1799 380 1847 modo
418 1788 676 1847 deductam
699 1795 913 1845 feliciori
950 1799 1052 1845 fato
1091 1816 1195 1847 non
1233 1802 1335 1849 esse
1362 1804 1486 1849 usu-

1373 1895 1483 1926 ram

172 2031 301 2085 (179)
328 2033 526 2073 Ius-rmus
554 2029 671 2071 x111.
695 2041 736 2081 7.
762 2028 819 2069 ef.
842 2039 1095 2069 uenenorus
1126 2030 1197 2072 1v.
1228 2042 1300 2082 ¹55
1327 2032 1406 2083 seq.

164 2093 293 2147 (180)
305 2093 419 2136 ,Jdeo
447 2094 486 2132 in
512 2092 639 2143 primis
673 2091 752 2130 hoc
777 2091 999 2141 exemplum
1027 2093 1221 2142 apposui,
1249 2095 1358 2144 quod
1388 2095 1481 2135 scri·

116 2167 205 2208 ptor
233 2156 455 2203 recentior,
485 2152 752 2206 (nssozwxscu
775 2153 803 2194 1.
830 2154 856 2192 l.
883 2164 925 2202 p.
955 2154 1069 2205 141.)
1094 2157 1298 2195 oraculum
1321 2158 1360 2195 in
1388 2168 1484 2198 con·

111 2219 243 2260 dendis
269 2217 458 2262 coloniis,
485 2216 585 2255 utin
606 2214 742 2255 ceteris
774 2215 938 2253 alicuius
960 2217 1145 2255 momenti
1169 2217 1318 2266 rebus,
1346 2221 1486 2260 consu·

111 2282 224 2321 luisse
259 2278 415 2329 quidem
448 2277 624 2316 Graecos
655 2275 879 2322 affirmavit,
914 2276 1038 2325 ipsum
1064 2288 1162 2318 vero
1187 2283 1386 2320 oraculum
1415 2293 1484 2320 co·

109 2344 248 2382 loniam
274 2333 413 2380 deduc'i
442 2336 595 2378 iussisse
627 2339 804 2387 negavit,
832 2346 953 2387 atque
978 2337 1070 2378 ideo
1098 2338 1400 2382 Barthelemium
1425 2354 1488 2383 re·

111 2403 336 2454 prehendit,
372 2393 440 2451 qui
471 2401 571 2439 inter
604 2404 756 2439 'ceteras
787 2400 1026 2439 coloniarum
1067 2400 1357 2442 condendarum
1392 2415 1483 2444 cau-

108 2466 163 2505 sas
180 2465 440 2512 ,oraculorum
455 2462 565 2503 etiam
587 2461 724 2511 iussum
744 2464 950 2510 retulerat,·
969 2464 1220 2513 quamobrem
1235 2465 1349 2505 huius
1373 2478 1491 2516 gene.

112 2529 160 2566 ris
190 2529 369 2566 coloniae
400 2527 624 2576 exemplum
648 2526 685 2564 se
709 2525 917 2564 admodum
950 2524 1157 2563 denderare
1185 2525 1311 2574 dixit,
1340 2530 1404 2568 cui
1425 2530 1489 2569 de-

113 2587 279 2636 siderio,
312 2587 392 2628 hoc
419 2588 604 2639 exemplo
630 2585 812 2632 laudato,
842 2597 906 2627 me
935 2585 1159 2628 satisfecisse
1186 2588 1279 2629 mihi
1305 2591 1454 2632 videor.

804 2650 846 2696 F
