1787 3205
1041 84 1051 118 x,

463 246 563 297 nn
595 244 922 298 coL0N11s
953 209 1318 296 varmum.
1523 250 1589 294 αι·

223 407 317 455 bus
332 412 636 455 mercaturae
664 406 861 470 copiam
887 404 1151 454 tribueret.
1193 403 1330 451 Hinc
1352 400 1606 464 Ezechiel,

217 483 471 547 Propheta
501 484 698 548 Tyrum
726 487 800 532 ita
827 483 1135 547 alloquitur:
1172 497 1199 529 »
1220 480 1384 531 Naves
1408 481 1582 529 Thar-

216 576 246 609 n
267 561 327 609 fis
356 569 404 609 te
430 563 669 610 canebant
708 569 919 625 propter
950 560 1302 609 commercium
1333 560 1467 621 quod
1499 567 1580 607 te·-

214 652 245 685 »
266 654 381 685 cum
412 639 688 687 habebant'’
724 639 844 702 (55).
914 638 1030 686 Non
1060 638 1161 686 fine
1196 637 1467 701 prudentia
1492 651 1580 683 re·-

212 716 382 777 giones
412 717 473 764 ad
503 718 588 765 sua
619 717 821 764 confilia
851 717 1053 763 idoneas
1089 723 1139 762 et
1180 715 1389 762 coloniis
1435 720 1577 776 aptas

212 792 454 855 eligebant
494 794 766 841 Phoenices
784 809 807 854 ξ
846 808 963 839 cum
1008 793 1139 839 enim
1178 806 1284 838 non
1326 791 1452 839 illud
1483 807 1576 839 eo-

212 883 339 914 rum>
378 868 653 915 institutum
697 869 817 914 esset
834 901 850 927 ,
904 875 963 914 ut
1004 883 1096 929 per
1151 868 1368 914 colonias
1411 874 1574 915 totum

211 942 303 991 fibi
350 943 646 990 subiicerent
672 950 919 990 terrarum
948 943 1115 990 orbem
1137 978 1154 1005 ,
1188 951 1345 1006 utque
1378 950 1575 992 vastum

211 1027 263 1068 et
285 1018 571 1069 latissimum
598 1020 836 1069 haberent
861 1020 1124 1084 imperium
1141 1055 1157 1082 ,
1188 1019 1421 1068 omnibus
1451 1036 1577 1084 gen-

211 1097 346 1146 tibus
394 1099 714 1147 metuendum
735 1134 751 1161 ‚
810 1099 888 1146 sed
935 1106 994 1147 ut
1035 1106 1365 1147 mercaturam
1424 1098 1577 1162 magis

212 1175 465 1238 magisque
499 1182 863 1239 propagarent,
904 1183 955 1223 et
997 1192 1058 1223 ex
1100 1192 1157 1223 ea
1194 1177 1576 1234 maximfficom-

204 1253 357 1300 ‹moda
396 1259 447 1299 et
484 1253 815 1300 emolumenta
858 1254 1204 1316 perciperent,
1263 1252 1483 1301 colonias
1522 1253 1577 1299 in

209 1329 269 1375 iis
308 1317 518 1375 maxime
553 1329 834 1391 regionibus
874 1330 1229 1390 condiderunt,
1280 1345 1408 1392 quae
1457 1329 1576 1376 huic

210 1403 408 1453 confilio
439 1405 650 1451 maxime
690 1406 1026 1453 convenirent.
1096 1405 1231 1452 Hinc
1265 1421 1440 1452 eorum
1481 1422 1572 1452 co-

213 1481 372 1529 lonias
421 1482 477 1528 in
524 1480 846 1528 fertilioribus
877 1489 1125 1529 terrarum
1162 1481 1391 1544 partibus
1417 1488 1470 1530 et
1510 1481 1578 1528 fi-

207 1565 268 1606 tu
300 1558 386 1604 suo
430 1557 826 1606 commodisfimis
876 1559 1189 1617 invenimus;
1241 1575 1405 1622 neque
1434 1559 1576 1606 colo-

209 1635 319 1682 nias
367 1633 421 1681 in
476 1633 658 1681 talibus
714 1634 999 1697 regionibus
1048 1636 1399 1696 condiderunt,
1450 1653 1574 1699 quas

210 1717 345 1759 certo
375 1709 619 1772 sciebant,
660 1726 753 1758 nec
803 1719 1110 1760 mercaturae
1146 1728 1237 1759 nec
1276 1714 1575 1776 navigationi

209 1788 318 1836 fore
344 1788 519 1849 utileS,
560 1787 675 1835 licet
701 1790 847 1835 etiam
878 1806 970 1852 per
999 1791 1120 1837 alias
1144 1806 1223 1837 res
1249 1791 1371 1837 alios
1399 1807 1572 1853 popu-

208 1866 283 1913 los
317 1864 583 1912 allicerent.

275 1942 552 2004 Pleraeque
576 1941 836 1988 coloniae'
820 1958 873 1989 m
913 1943 1063 1990 maris
1092 1941 1193 1990 oris
1226 1950 1276 1990 et
1299 1944 1471 1993 insulis
1506 1945 1574 1994 fi·-

208 2027 289 2067 tae
319 2026 493 2080 erant,
536 2019 667 2082 quod
695 2020 841 2066 etiam
868 2020 1123 2068 confilium
1151 2021 1575 2087 Carthaginienses

207 2098 323 2146 sunt
346 2098 516 2144 secuti.
566 2096 869 2159 perspexisse
894 2098 1354 2161 scilicet'videntur,
1383 2110 1572 2164 quanto

211 2176 377 2237 pretio
409 2175 529 2223 tales
556 2174 801 2236 praestent
832 2176 891 2221 iis
906 2209 921 2236 ,
955 2191 1081 2237 quae
1116 2177 1171 2222 in
1202 2177 1441 2225 interiore
1468 2187 1577 2226 ter-

215 2266 385 2299 rarum
402 2257 544 2313 par-te
560 2251 674 2297 sunt
689 2250 887 2314 politae.
923 2251 1038 2299 Non
1066 2254 1196 2304 enim
1217 2262 1355 2302 tanto
1373 2256 1575 2305 navium

210 2335 262 2375 et
283 2328 540 2390 copiarum
555 2344 765 2375 numero
791 2330 851 2376 iis
869 2346 998 2393 opus
1014 2340 1120 2381 erat
1134 2366 1154 2392 ,
1176 2348 1338 2395 neque
1363 2335 1430 2381 ita
1447 2334 1574 2386 faoi-

1527 2413 1573 2459 le

257 2581 360 2636 (35)
388 2583 615 2627 Ezzcmsx..
645 2584 802 2628 xxvu,
824 2599 894 2697 v}
923 2599 988 2638 25.
1041 2589 1108 2631 Cf.
1140 2601 1310 2633 uzsuas.
1340 2591 1425 2631 Lx.
1456 2595 1477 2633 8
1496 2622 1506 2640 ‚
1533 2606 1575 2644 9.

933 2653 964 2697 5
