1787 3205
469 207 565 255 DE
598 163 921 258 coLoan
953 197 1322 255 VETERUM.
1472 209 1566 272 159

222 365 436 416 conditio
473 383 529 411 ac
570 366 694 413 ratio
725 380 808 413 eas
836 363 983 426 plane
1004 365 1298 414 recusarent.
1368 363 1483 425 Qua
1514 365 1569 413 in

215 458 283 489 -re
311 443 483 492 Cicero
510 444 754 503 maiorum
794 440 1096 503 diligentiam
1123 443 1434 491 vehementer
1453 443 1573 492 lau-

226 521 309 568 dat
321 536 343 579 «ς
374 522 556 583 quippe
585 521 672 583 qui
710 518 928 566 colonias
964 518 1153 581 semper
1183 518 1373 566 idoneis
1401 514 1457 567 in
1488 520 1572 568 lo-

224 597 303 644 cis-
330 597 627 647 collocarunt
670 596 828 660 (592).
898 593 1193 658 Antiquitas
1223 603 1388 645 autem
1428 604 1570 645 caute

226 683 494 735 curarunt,
524 690 591 723 ne
615 673 836 722 coloniae
865 673 1064 736 imperii⁴
1086 671 1208 720 fines
1242 674 1539 723 excederent
1554 707 1571 736 ,

217 757 267 798 et
292 751 551 813 diligenter
591 749 1107 811 primisvtemporibus
1144 751 1367 798 vitarunt
1381 766 1403 811 ,·
1427 752 1570 798 colo-

221 827 327 885 nias
347 835 489 874 extra
512 822 705 874 Italiani
731 841 932 889 ponere.
985 824 1322 885 Quamobrem
1348 827 1571 876 Velleius

221 902 523 952 Paterculus:
540 904 694 964 legem
727 919 758 948 a
790 902 1016 949 Graccho
1043 903 1310 965 perlatam,
1345 904 1407 950 de
1423 905 1570 951 ‚colo-

221 980 321 1027 niis
346 986 528 1027 contra„
541 978 783 1025 maior-um
806 994 970 1025 mores
995 985 1134 1025 extra
1156 980 1345 1026 Italiam
1369 996 1567 1043 ponen-
1629 1011 1633 1014 «

219 1057 324 1117 dis,
350 1079 353 1083 ¹
386 1057 519 1102 inter
576 1055 1025 1123 perniciocisfimas·
1062 1064 1308 1104 numerat.
1377 1092 1415 1119 „
1430 1058 1572 1106 Tan-
1608 1066 1611 1069 ⁴

222 1167 261 1194 „
279 1140 332 1180 to
361 1133 542 1180 scilicet
559 1166 575 1193 ‚
604 1132 673 1178 ita
700 1134 890 1194 pergit,
916 1133 1251 1193 potentiorum
1277 1134 1425 1196 Tyro
1441 1137 1571 1183 Car-

221 1243 259 1271 „
277 1210 554 1272 thaginem5
588 1208 855 1255 Massiliam
884 1209 1106 1256 Phocaea
1120 1242 1135 1269 ,
1176 1209 1436 1272 Syracusas
1467 1213 1571 1260 Co-

200 1301 259 1348 ‘„
274 1287 442 1333 rintho
458 1320 474 1345 ,
507 1286 742 1348 Cyzicum
776 1301 834 1331 ac
870 1284 1166 1346 Byzantium
1193 1286 1397 1348 Mileto,
1426 1291 1571 1351 geni-

220 1397 258 1425 „
277 1364 366 1410 tali
392 1363 492 1409 solo
511 1396 526 1423 ,
569 1361 776 1413 maiores
808 1360 1015 1410 vidisse”
1044 1362 1197 1425 (595).
1256 1363 1377 1410 ‘Hac
1402 1371 1572 1414 tamen

218 1442 272 1488 in
299 1457 354 1487 re
382 1456 483 1487 non
513 1428 700 1501 semper
724 1437 1158 1486 fibiaconstiterunt
1182 1439 1426 1502 Romani,
1453 1459 1569 1490 cum

218 1507 451 1578 deinceps
511 1516 693 1561 multae
754 1521 896 1561 extra
927 1505 1146 1561 Italiam
1188 1515 1566 1566 deducerentur.

216 1593 389 1640 Prima
419 1598 618 1651 autem,
653 1590 818 1637 eodem
854 1590 1117 1637 Paterculo
1142 1597 1292 1652 teste,
1322 1592 1420 1641 fuit
1444 1595 1572 1643 Car·-

217 1670 393 1731 thago·
377 1701 393 1727 ,
453 1660 707 1728 deinceps
726 1668 798 1713 in
855 1666 1070 1714 Galliam
1122 1668 1355 1732 deductae
1392 1668 1566 1733 Aquae

216 1746 409 1793 Sextiae
448 1751 498 1790 et
536 1742 723 1789 Narb0.
796 1741 1057 1814 Octoginta
1083 1729 1234 1791 millia
1260 1746 1443 1796 civium
1470 1764 1567 1797 ex·

215 1830 294 1870 tra
340 1821 532 1869 Italiam
576 1819 777 1866 deduxit
819 1819 882 1866 C.
949 1818 1179 1867 ‚Caesar
1227 1822 1364 1885 (694)
1379 1857 1394 1883 ‚
1432 1827 1566 1886 quod

214 1900 359 1947 etiam
383 1899 535 1945 secuti
555 1898 674 1943 sunt
691 1894 947 1958 Augustas
971 1902 1021 1942 et
1046 1896 1131 1958 qui
1163 1904 1333 1960 postea
1358 1899 1566 1950 fuerunt
1631 1939 1634 1942 -
1658 1903 1663 1907 ⁴

217 1978 545 2039 Imperatores
578 1974 732 2036 (595).

287 2054 363 2101 Ita
376 2087 393 2115 ,
438 2052 640 2100 coloniis
671 2051 733 2097 ad
775 2049 1056 2112 obsequium
1096 2051 1296 2099 omnino
1324 2040 1564 2102 constitu-

1467 2131 1563 2193 tis,

226 2275 283 2286 ...-

263 2359 391 2414 (392)
417 2358 589 2398 thERo
614 2358 657 2396 de
685 2357 773 2407 Leg.
800 2356 898 2407 Agr.
930 2356 985 2395 11.
1013 2367 1077 2408 27.

265 2423 392 2473 (393)
419 2421 548 2463 vm„
575 2430 749 2460 ennae.
776 2418 833 2459 11.
865 2428 925 2469 15.

264 2483 394 2534 (394)
421 2483 662 2523 Sum-omos
688 2483 729 2520 tn
753 2483 840 2520 vita
861 2492 898 2519 c.
918 2492 985 2527 42.

262 2542 390 2596 (395)
419 2544 617 2584 chmus
644 2542 689 2581 de
716 2542 831 2583 limet.
855 2538 996 2591 constit.
1024 2553 1063 2592 p.
1096 2541 1179 2584 160.
