1787 3205
952 160 1029 187 ⁴

224 234 288 291 5⁷2
484 244 578 292 DE
612 236 938 291 COLONHS
974 238 1337 298 VETERUM.
1384 257 1387 261 ·

224 402 395 462 viisse,
440 392 691 466 huiusque
728 404 804 450 rei
852 400 994 451 caula
1026 402 1082 448 in
1129 402 1302 464 primis
1342 417 1373 448 a
1418 400 1586 448 Phoe-

224 478 422 526 uicibus
447 479 600 529 fuisse
647 481 899 541 conditas3
934 487 1087 543 atque
1126 477 1202 526 ita*
1236 479 1359 528 intel
1397 479 1582 544 gentius

222 557 429 606 videtur*
453 556 793 620 Thucydides,
820 557 909 605 ubi
936 557 1085 617 dicit,
1119 555 1334 605 colonias
1357 557 1422 605 ab
1443 557 1504 604 iis
1530 556 1584 603 in

223 633 388 682 Sicilia
421 633 572 680 fuisse
605 633 830 681 conditas
859 636 1083 699 ἐμπορίας
1108 637 1263 684 ἕνεκεν.

288 711 428 757 Haec
464 700 621 773 igitur
649 710 815 757 omnia
851 708 887 757 fi
923 710 1372 758 animadvertamus
1386 743 1401 770 ,
1432 711 1468 758 fi
1490 711 1585 758 ha·-

220 802 336 833 rum
363 786 625 849 regionum
660 786 969 833 fertilitatem
995 798 1268 849 earumque
1298 785 1488 833 feticem
1518 787 1585 834 fi-

217 870 330 911 tum
377 858 644 926 cogitemus
659 896 675 924 ,
717 863 826 910 aliis
853 864 1154 926 argumentis
1183 877 1285 910 non
1313 878 1440 926 opus
1468 870 1543 910 est
1560 897 1576 924 ,

220 939 403 1002 quibus
445 940 734 994 ostendatur
750 973 766 1001 ,
810 947 1120 1002 quantopere
1157 940 1377 987 coloniae
1418 940 1586 987 Phoe-

217 1017 419 1065 nicibus
471 1018 605 1065 hisce
659 1016 891 1064 omnibus
937 1016 1266 1079 profuerint.-
1311 1016 1475 1075 Quam
1521 1015 1584 1063 ob

216 1105 323 1140 rem
368 1094 676 1140 Phoenicum
729 1093 929 1140 confilia
983 1093 1036 1139 in
1082 1092 1286 1139 coloniis
1328 1093 1582 1151 deducen-

214 1169 289 1215 dis
305 1203 321 1230 ‚
388 1183 662 1230 eorumque
709 1168 974 1230 prudentia
1013 1168 1070 1214 in
1121 1168 1267 1229 locis,
1327 1169 1388 1216 ad
1462 1170 1580 1216 haec

212 1245 412 1293 consilia
453 1246 580 1307 aptis
596 1278 611 1305 ‚
653 1243 885 1306 eligendis
914 1243 1091 1290 merito
1118 1244 1378 1292 laudanda.
1456 1245 1581 1292 Cum

209 1326 352 1369 vero-
376 1321 606 1383 deinceps
655 1320 1079 1382 Carthaginienses
1116 1320 1174 1367 in·
1227 1321 1421 1367 easdem
1476 1321 1582 1368 fere

208 1399 435 1461 regiones
460 1399 718 1457 venirent,
748 1393 805 1445 et·
829 1397 1136 1444 Phoenicum
1152 1432 1168 1456 ,
1196 1398 1444 1445 maiorum
1462 1398 1581 1445 suo·-

212 1487 327 1520 rnm
343 1508 360 1535 ‚
389 1474 593 1536 vestigia
616 1468 798 1534 secuti,
838 1473 1030 1520 easdem
1061 1473 1303 1520 utilitates
1346 1476 1578 1536 percipe—

210 1558 352 1612 rent,
404 1553 484 1598 hic
523 1551 583 1597 de
636 1550 734 1597 illis
782 1550 943 1597 dicere
995 1550 1175 1596 inutile
1214 1540 1342 1597 nfore
1397 1552 1574 1598 existi·-

211 1642 295 1675 mo
312 1662 327 1688 ,
378 1627 700 1690 quamobrem
739 1627 801 1673 ad
843 1627 981 1674 aliud
1021 1627 1329 1684 commodum
1358 1628 1583 1675 colonia-

208 1721 329 1752 rum
362 1704 743 1752 Phoeniciarnm
772 1719 910 1750 nunc
933 1705 1140 1751 transeo.
1422 1749 1424 1751 .

274 1780 415 1827 Inter
458 1781 685 1840 confilia,
728 1786 940 1841 propter
989 1795 1114 1841 quae
1164 1796 1195 1827 a
1247 1779 1576 1829 Phoenicibus
1646 1772 1649 1773 ⁷

207 1857 433 1905 coloniae
456 1873 557 1904 non
584 1872 769 1919 paucae
792 1856 1036 1902 deductae·
1056 1857 1166 1903 sunt
1181 1890 1197 1918 ,
1228 1858 1436 1904 secundo
1464 1859 1575 1905 loco

205 1935 423 1983 diximus
443 1967 459 1994 ,
497 1935 675 1996 fuisse,
718 1941 777 1981 ut
804 1933 865 1980 iis
898 1933 1120 1980 deductis
1162 1934 1336 1984 civitas
1366 1951 1574 1983 numero

165 2013 168 2016 ’
205 2011 391 2059 civium
423 2011 573 2057 nimis
617 2011 806 2073 ingenti
849 2009 1164 2058 liberaretur.
1236 2011 1385 2058 Tales
1432 1999 1573 2072 colo-4

203 2088 314 2136 nias
331 2122 347 2150 ,
386 2087 510 2135 ficut
538 2087 766 2134 omnibus
796 2086 1073 2135 civitatibus
1091 2121 1107 2148 ,
1134 2087 1203 2135 ita
1232 2088 1382 2136 etiam
1408 2088 1574 2136 Phoe-
1656 2089 1660 2093 ’

204 2164 398 2211 nicibus
440 2180 543 2210 non
593 2170 790 2211 tantum
833 2163 984 2212 fuisse
1038 2161 1346 2228 utilisfi'mas,
1401 2180 1575 2215 verum

202 2241 352 2288 etiam
420 2239 709 2286 necessarias
726 2273 741 2300 ,
814 2256 959 2287 nemo
1032 2242 1297 2304 negaverit.
1402 2242 1576 2303 Quae-

203 2335 302 2382 que
357 2320 490 2366 enim
543 2317 742 2364 societas
795 2317 950 2366 civilis
999 2317 1087 2366 fibi
1138 2336 1422 2382 proponere
1480 2321 1573 2366 de-

200 2396 315 2456 bet,
376 2402 436 2443 ut
471 2409 642 2441 omnes
687 2409 745 2440 ac
782 2393 957 2457 finguli
1004 2396 1138 2444 cives
1188 2396 1299 2443 iura
1343 2398 1428 2443 fua
1473 2396 1569 2443 ha-

202 2470 356 2518 beant
419 2478 560 2530 tuta3
620 2470 804 2534 quibus
865 2470 1063 2518 sublatis
1113 2488 1242 2522 vana
1301 2480 1350 2519 et
1405 2474 1566 2522 inanis

199 2548 413 2598 civitatis
452 2554 528 2594 est
567 2548 690 2594 idea.
762 2545 900 2593 Huic
932 2553 1094 2596 autem
1137 2549 1387 2612 proposito
1422 2549 1568 2607 satis*-

1478 2625 1568 2673 fie-
