1787 3205
240 236 334 288 164
491 241 587 289 DE
623 238 948 290 COLONIIS
986 240 1359 294 VETERUM.

240 399 349 462 agri
390 399 598 459 devicti,
647 415 863 463 quorum
907 402 1098 450 incolae
1140 402 1352 451 Romam
1382 401 1485 451 sere
1514 402 1608 450 ab*

247 474 589 537 ducebantur,
634 493 738 525 non
781 479 1191 542 relinquebantur
1215 481 1433 542 inculti,
1469 481 1547 535 sed
1578 495 1608 526 a

242 553 387 602 novis
417 554 608 601 colonis
637 556 825 602 summa
853 571 976 602 cura
1002 556 1311 605 colebantur.
1342 558 1414 606 Hi
1442 565 1609 605 autem

242 632 437 694 copiam
470 632 544 678 ibi
581 632 899 680 inveniebant
940 633 1071 682 vitae
1118 632 1331 682 feliciter
1367 635 1610 698 agendae,
1700 683 1707 688 ,

240 714 292 755 et
334 716 444 755 tum
493 707 583 755 fibi
630 715 738 756 tum
782 709 972 759 civitati
994 711 1205 773 ,egregie
1247 710 1610 769 inserviebant3

226 785 365 846 fibi,
396 802 553 849 quum
582 786 635 833 in
663 788 807 835 novis
840 786 1029 835 sedibus
1057 787 1369 849 invenirent,
1399 787 1532 850 quod
1554 788 1609 833 in

239 862 366 911 urbe
389 862 580 911 frustra
608 864 945 927 quaefierant3
972 865 1204 925 civitati,
1231 881 1344 912 cum
1360 898 1377 926 ,
1408 865 1497 926 qui
1525 859 1620 910 re-‘

239 940 525 989 manfissent
539 975 555 1003 ,
614 942 800 989 minori
855 958 1082 990 annonae
1135 942 1350 1004 penuria
1407 940 1610 988 labora-

240 1026 355 1066 rent
376 1018 518 1082 (405)
540 1054 555 1081 ,
600 1026 710 1066 tum
755 1019 902 1067 etiam
948 1020 1080 1082 quod
1109 1019 1274 1066 coloni
1301 1018 1491 1067 civitati
1514 1033 1612 1065 ans-

239 1111 428 1143 nonam
454 1096 764 1158 praeberent.
808 1097 1041 1143 Coloniae
1071 1097 1204 1142 enim
1229 1112 1286 1141 ea
1316 1096 1417 1141 fere
1438 1095 1613 1141 condi-

173 1198 175 1207 ·
238 1172 376 1218 tione
418 1172 818 1232 deducebantur,
867 1179 924 1219 ut
967 1178 1151 1218 certam
1183 1170 1362 1219 statuto
1390 1177 1613 1235 tempore

237 1248 499 1295 fructuum
525 1256 717 1310 partem
746 1248 1020 1311 penderent
1050 1248 1205 1311 (404).

307 1325 626 1374 Coloniarum
685 1327 739 1374 in
802 1326 1114 1376 devictorum
1181 1326 1401 1374 hostium
1465 1341 1626 1390 agros-

239 1403 596 1451 mittendarum
657 1418 794 1450 more
833 1403 1150 1465 introducto,
1217 1403 1433 1450 Romani
1478 1400 1611 1451 intra

238 1488 474 1543 angustos
517 1480 661 1529 urbis
704 1497 875 1528 muros
913 1496 1016 1528 non
1063 1479 1279 1543 amplius
1330 1480 1426 1526 sese
1483 1497 1609 1526 con-

239 1557 504 1605 tinuerunt
523 1592 538 1619 ,
598 1558 678 1604 sed
727 1558 1074 1605 Romanorum
1121 1572 1308 1604 nomen
1347 1557 1609 1603 identidem

242 1634 395 1681 latius
427 1641 775 1697 propagarunt
794 1667 809 1693 ,
851 1635 1072 1696 primum
1100 1650 1192 1696 per
1219 1633 1353 1681 vicos
1392 1633 1613 1680 circum-

238 1711 453 1758 iacentes
514 1716 564 1758 et
624 1710 807 1774 oppida
870 1710 1034 1760 vicina
1048 1745 1065 1771 ,
1136 1709 1311 1756 deinde
1360 1724 1452 1772 per
1504 1709 1612 1757 Ita-

241 1789 390 1849 liam,
455 1788 670 1851 denique
733 1803 826 1850 per
880 1794 1042 1834 totum
1109 1794 1359 1834 terrarum
1423 1787 1607 1837 orbem.

243 1866 380 1914 Illud
403 1866 557 1930 igitur
590 1864 868 1912 institutum
885 1899 901 1926 ,
927 1881 958 1912 a
988 1864 1201 1912 Romulo
1232 1864 1606 1927 introductum,
1680 1920 1688 1923 ⁴

239 1944 427 1991 mirum
484 1944 539 1991 in
592 1943 795 1990 modum
838 1943 1051 2005 imperio
1107 1943 1425 2006 propagando
1483 1959 1610 2005 pro-

242 2020 369 2082 fuit,
416 2026 567 2084 atque
595 2020 935 2085 amplitudinis
972 2021 1184 2069 Romani
1225 2020 1451 2083 imperii,
1483 2038 1609 2085 quae

239 2098 603 2161 posterioribus
649 2100 750 2146 fuit
801 2098 1142 2161 temporibus,
1187 2099 1392 2145 initium
1437 2106 1487 2145 et
1532 2106 1607 2146 est

242 2183 292 2224 et
325 2175 538 2224 habetur
567 2176 724 2239 (405).
795 2175 848 2223 Si
892 2183 1057 2225 autem
1106 2176 1372 2241 cogitemus
1391 2210 1407 2237 ,
1459 2193 1609 2240 quam

1517 2255 1610 2302 fint

292 2461 419 2514 (403)
452 2458 577 2502 mom.
608 2473 706 2503 um„
736 2461 828 2501 Vll.
853 2462 917 2501 28.

291 2524 420 2576 (404)
453 2523 687 2573 Exemplum
716 2522 805 2562 vide
834 2522 937 2571 apud
968 2532 1078 2565 mon.
1112 2534 1205 2565 ΗΜ..
1237 2525 1305 2565 ΙΧ.
1332 2525 1396 2565 60.

294 2584 422 2637 (405)
456 2586 592 2625 onm.
619 2597 715 2627 HAL.
747 2586 802 2624 11.
834 2586 896 2623 16.
