1787 3205
200 206 268 264 40
452 204 552 253 DE
575 203 915 254 :conomls
947 204 1298 257 val-*Eunai
1306 220 1319 253 4

200 362 455 410 Punicum
489 364 756 426 primum,⁴
785 371 889 411 tota
933 363 1106 412 Africa
1145 371 1320 420 contra
1360 362 1572 412 Cartha-

202 440 367 502 ginem
424 448 706 501 commota,
752 458 878 488 *cum
913 442 1059 489 ,aliis'
1116 442 1177 488 ab
1245 442 1333 488 his.
1382 440 1576 489 defece-

204 522 360 576 runt,
380 520 574 564 eorum
619 517 859 579 praefidia
901 525 1177 576 necarunt,
1212 532 1488 578 caesosque·
1514 517 1573 562 de

198 593 360 643 muris
401 594 672 655 insepultos
711 593 1030 652 abiecerunt,
1072 609 1134 641 ne
1160 594 1424 655 sepeliendi
1452 595 1571 656 qui·

198 670 315 717 dem
339 677 579 732 potestate
608 668 1091 733 Carthaginiensibus
1123 671 1385 731 concessa,
1417 671 1453 720 fi
1483 669 1571 732 qui

201 746 255 795 id
281 753 508 809 peterent
535 747 659 810 (85).

765 859 1000 966 Ὧδ’,

322 1057 429 1109 .,De
480 1055 799 1115 utilitatibus
847 1071 977 1118 quas
1025 1055 1309 1103 Phoenices
1359 1073 1421 1104 ex

580 1127 789 1179 coloniis
819 1141 1190 1194 perceperunt.

267 1285 509 1334 Dubitari
551 1287 727 1348 nequit
776 1287 897 1349 quin
940 1287 1161 1334 coloniae
1205 1288 1404 1350 populis
1432 1293 1575 1336 mer-³

197 1373 419 1411 caturam
462 1373 512 1410 et
556 1365 919 1426 navigationem
965 1365 1306 1412 exercentibus
1323 1399 1340 1425 ,
1387 1381 1570 1428 easque

198 1443 352 1505 magis
396 1442 648 1503 magisque
688 1440 994 1503 amplificare
1014 1478 1028 1501 ,
1064 1448 1114 1488 et
1142 1443 1359 1490 nominis
1387 1443 1567 1491 famam

200 1535 407 1581 quoquo
434 1519 625 1566 versum
651 1534 926 1580 propagare
955 1518 1256 1565 studentibus
1275 1553 1289 1578 ,
1314 1536 1421 1566 -non
1450 1527 1568 1567 tan-

199 1606 312 1644 tum
343 1612 547 1659 magnae
579 1595 812 1655 utilitati,
844 1612 1019 1643 verum
1046 1596 1246 1642 omnino
1273 1598 1571 1645 necessariae

200 1674 326 1734 fint,
356 1677 657 1736 quamquam
683 1689 784 1718 non
813 1688 927 1718 raro
952 1672 1193 1719 maximos
1219 1673 1378 1719 secum
1406 1672 1570 1722 ferant

198 1751 379 1798 abusus
396 1752 709 1810 maximaque
734 1749 927 1796 damna.
965 1749 1035 1795 Ut
1062 1749 1190 1794 enim
1221 1751 1567 1797 commercium

196 1828 387 1889 ’optime
403 1834 452 1873 et
468 1826 569 1872 fine
598 1831 929 1871 mercatorum
958 1824 1138 1889 damno
1170 1833 1486 1885 exerceatur,
1514 1828 1567 1875 hi

197 1905 320 1953 locis
350 1904 445 1952 five
475 1903 712 1964 emporiis
741 1917 908 1948 carere
938 1917 1037 1947 non
1067 1902 1306 1962 pos-sunt,
1348 1902 1403 1948 in
1449 1905 1569 1964 qui..

200 1982 296 2028 bus
320 1996 508 2027 merces
538 1980 705 2025 secure
736 1978 989 2039 deponant
1007 2013 1021 2039 ‚
1055 1977 1117 2024 fin
1147 1977 1320 2038 primis
1351 1994 1501 2040 veron,
1534 1982 1568 2030 fi

203 2065 486 2106 mercatura
511 2057 598 2103 illa
627 2061 917 2102 exerceatur
949 2070 1059 2101 cum
1093 2054 1295 2114 populis
1312 2089 1326 2114 ‚
1355 2071 1569 2116 quorum

171 2160 177 2191 ς
204 2136 405 2183 cultura
435 2134 657 2181 nondum
682 2133 801 2179 adeo
822 2139 897 2178 est
929 2131 1211 2192 conspicua.
1255 2131 1390 2184 Huic
1405 2141 1568 2184 autem

206 2219 515 2274 quantopere
544 2211 693 2270 ipsae
719 2209 937 2254 coloniae
961 2209 1258 2269 inserviant,
1290 2226 1437 2263 nemo
1467 2228 1569 2261 non

203 2290 355 2338 videt.
394 2286 580 2349 Populi
593 2286 722 2332 enim
744 2285 914 2331 maiori
931 2285 1064 2332 cultu
1084 2284 1381 2347 praestantes
1409 2289 1463 2336 in
1488 2305 1574 2355 re·-

1483 2367 1575 2429 *gi-

257 2523 359 2579 (85)
388 2524 520 2564 onn.
552 2535 638 2564 s1c,
666 2523 713 2562 tle
743 2525 839 2561 virt.
866 2530 905 2560 et
929 2524 998 2563 vit.
1029 2518 1103 2572 Op.
1138 2523 1176 2560 11
1201 2544 1207 2551 -
1235 2533 1274 2571 p.
1303 2523 1392 2574 567.
