<?xml version="1.0" encoding="UTF-8"?>
<!DOCTYPE html PUBLIC "-//W3C//DTD XHTML 1.0 Transitional//EN"
    "http://www.w3.org/TR/xhtml1/DTD/xhtml1-transitional.dtd">
<html xmlns="http://www.w3.org/1999/xhtml" xml:lang="en" lang="en">
 <head>
  <title>
</title>
<meta http-equiv="Content-Type" content="text/html;charset=utf-8" />
  <meta name='ocr-system' content='tesseract 3.04.00' />
  <meta name='ocr-capabilities' content='ocr_page ocr_carea ocr_par ocr_line ocrx_word'/>
</head>
<body>
  <div class='ocr_page' id='page_1' title='image "4737201_0120.png"; bbox 0 0 1787 3205; ppageno 0'>
   <div class='ocr_carea' id='block_1_1' title="bbox 304 146 1410 222">
    <p class='ocr_par' dir='ltr' id='par_1_1' title="bbox 304 146 1410 222">
     <span class='ocr_line' id='line_1_1' title="bbox 304 146 1410 222; baseline 0.003 -5"><span class='ocrx_word' id='word_1_1' title='bbox 304 185 396 218; x_wconf 82' lang='lat'>102</span> <span class='ocrx_word' id='word_1_2' title='bbox 437 146 441 150; x_wconf 76' lang='grc'>’</span> <span class='ocrx_word' id='word_1_3' title='bbox 544 168 644 218; x_wconf 85' lang='lat' dir='ltr'>DE</span> <span class='ocrx_word' id='word_1_4' title='bbox 680 168 1007 219; x_wconf 82' lang='lat' dir='ltr'><strong>COLONHS</strong></span> <span class='ocrx_word' id='word_1_5' title='bbox 1041 166 1410 222; x_wconf 71' lang='lat' dir='ltr'>VETERUM.</span> 
     </span>
    </p>
   </div>
   <div class='ocr_carea' id='block_1_2' title="bbox 291 321 1711 1936">
    <p class='ocr_par' dir='ltr' id='par_1_2' title="bbox 291 321 1711 1936">
     <span class='ocr_line' id='line_1_2' title="bbox 299 321 1664 394; baseline 0.001 -17"><span class='ocrx_word' id='word_1_6' title='bbox 299 327 553 392; x_wconf 80' lang='grc' dir='ltr'><strong><em>ὁμαίμονας</em></strong></span> <span class='ocrx_word' id='word_1_7' title='bbox 594 329 674 392; x_wconf 77' lang='lat'>&lt;24</span> <span class='ocrx_word' id='word_1_8' title='bbox 683 329 748 393; x_wconf 77' lang='lat'>2).</span> <span class='ocrx_word' id='word_1_9' title='bbox 787 352 853 366; x_wconf 81' lang='lat'>-·-</span> <span class='ocrx_word' id='word_1_10' title='bbox 885 330 1123 378; x_wconf 86' lang='lat' dir='ltr'>Eiusdem</span> <span class='ocrx_word' id='word_1_11' title='bbox 1162 333 1361 394; x_wconf 77' lang='lat' dir='ltr'>generis</span> <span class='ocrx_word' id='word_1_12' title='bbox 1399 321 1551 381; x_wconf 77' lang='lat' dir='ltr'>verba</span> <span class='ocrx_word' id='word_1_13' title='bbox 1573 330 1664 378; x_wconf 68' lang='lat' dir='ltr'>fe.-</span> 
     </span>
     <span class='ocr_line' id='line_1_3' title="bbox 297 397 1665 475; baseline 0.005 -24"><span class='ocrx_word' id='word_1_14' title='bbox 297 406 368 451; x_wconf 86' lang='lat' dir='ltr'>oit</span> <span class='ocrx_word' id='word_1_15' title='bbox 398 406 452 451; x_wconf 88' lang='lat' dir='ltr'>in</span> <span class='ocrx_word' id='word_1_16' title='bbox 480 404 854 475; x_wconf 58' lang='lat' dir='ltr'>Athenienfium</span> <span class='ocrx_word' id='word_1_17' title='bbox 888 408 1150 455; x_wconf 82' lang='lat' dir='ltr'>concione:</span> <span class='ocrx_word' id='word_1_18' title='bbox 1182 408 1242 466; x_wconf 81' lang='grc' dir='ltr'>ὡς</span> <span class='ocrx_word' id='word_1_19' title='bbox 1266 415 1317 459; x_wconf 78' lang='grc' dir='ltr'>οἱ·</span> <span class='ocrx_word' id='word_1_20' title='bbox 1335 397 1551 469; x_wconf 66' lang='grc' dir='ltr'><strong><em>Μιλήσιοι</em></strong></span> <span class='ocrx_word' id='word_1_21' title='bbox 1573 410 1665 458; x_wconf 79' lang='grc' dir='ltr'>τῶν</span> 
     </span>
     <span class='ocr_line' id='line_1_4' title="bbox 293 480 1666 553; baseline 0.001 -21"><span class='ocrx_word' id='word_1_22' title='bbox 293 480 574 542; x_wconf 69' lang='grc' dir='ltr'>Ἀθηναίων</span> <span class='ocrx_word' id='word_1_23' title='bbox 598 485 684 533; x_wconf 81' lang='grc' dir='ltr'><em>εἶσὶ</em></span> <span class='ocrx_word' id='word_1_24' title='bbox 703 485 920 543; x_wconf 69' lang='grc' dir='ltr'><strong><em>ἄποικοι,</em></strong></span> <span class='ocrx_word' id='word_1_25' title='bbox 946 492 1023 534; x_wconf 82' lang='grc' dir='ltr'>καὶ</span> <span class='ocrx_word' id='word_1_26' title='bbox 1048 483 1170 542; x_wconf 77' lang='grc' dir='ltr'><strong><em>οἰκός</em></strong></span> <span class='ocrx_word' id='word_1_27' title='bbox 1207 504 1351 552; x_wconf 84' lang='grc' dir='ltr'><strong><em>σφεας</em></strong></span> <span class='ocrx_word' id='word_1_28' title='bbox 1374 492 1440 546; x_wconf 82' lang='grc' dir='ltr'>εἴη</span> <span class='ocrx_word' id='word_1_29' title='bbox 1467 484 1666 553; x_wconf 75' lang='grc' dir='ltr'><em>ῥύεσθαι</em></span> 
     </span>
     <span class='ocr_line' id='line_1_5' title="bbox 296 561 1660 624; baseline -0.001 -15"><span class='ocrx_word' id='word_1_30' title='bbox 296 564 570 624; x_wconf 76' lang='grc' dir='ltr'><strong><em>δυναμένους</em></strong></span> <span class='ocrx_word' id='word_1_31' title='bbox 606 567 723 624; x_wconf 76' lang='grc' dir='ltr'><strong><em>μέγα</em></strong></span> <span class='ocrx_word' id='word_1_32' title='bbox 756 561 912 623; x_wconf 77' lang='lat'>(243).</span> <span class='ocrx_word' id='word_1_33' title='bbox 980 561 1178 621; x_wconf 75' lang='lat' dir='ltr'>Ionicae</span> <span class='ocrx_word' id='word_1_34' title='bbox 1206 562 1429 610; x_wconf 76' lang='lat' dir='ltr'>civitates</span> <span class='ocrx_word' id='word_1_35' title='bbox 1445 596 1462 624; x_wconf 88' lang='lat'>‚</span> <span class='ocrx_word' id='word_1_36' title='bbox 1502 577 1660 624; x_wconf 90' lang='lat' dir='ltr'>quum</span> 
     </span>
     <span class='ocr_line' id='line_1_6' title="bbox 292 635 1663 700; baseline 0 -14"><span class='ocrx_word' id='word_1_37' title='bbox 292 635 511 700; x_wconf 73' lang='grc' dir='ltr'><strong><em>ἡγεμονία</em></strong></span> <span class='ocrx_word' id='word_1_38' title='bbox 548 653 700 698; x_wconf 87' lang='lat' dir='ltr'>penes</span> <span class='ocrx_word' id='word_1_39' title='bbox 745 636 1015 699; x_wconf 83' lang='lat' dir='ltr'><strong>Spartanos</strong></span> <span class='ocrx_word' id='word_1_40' title='bbox 1058 644 1165 684; x_wconf 89' lang='lat' dir='ltr'>erat</span> <span class='ocrx_word' id='word_1_41' title='bbox 1181 672 1195 698; x_wconf 90' lang='lat'>,</span> <span class='ocrx_word' id='word_1_42' title='bbox 1237 645 1447 700; x_wconf 82' lang='lat' dir='ltr'>propter</span> <span class='ocrx_word' id='word_1_43' title='bbox 1473 638 1663 686; x_wconf 77' lang='lat' dir='ltr'>Pausa-</span> 
     </span>
     <span class='ocr_line' id='line_1_7' title="bbox 294 708 1665 779; baseline 0.002 -19"><span class='ocrx_word' id='word_1_44' title='bbox 294 714 409 761; x_wconf 89' lang='lat' dir='ltr'>niae</span> <span class='ocrx_word' id='word_1_45' title='bbox 448 713 755 762; x_wconf 83' lang='lat' dir='ltr'>insolentiam</span> <span class='ocrx_word' id='word_1_46' title='bbox 797 716 890 762; x_wconf 85' lang='lat' dir='ltr'>sese</span> <span class='ocrx_word' id='word_1_47' title='bbox 934 715 996 762; x_wconf 89' lang='lat' dir='ltr'>ad</span> <span class='ocrx_word' id='word_1_48' title='bbox 1036 712 1354 763; x_wconf 80' lang='lat' dir='ltr'><strong>Athenienses</strong></span> <span class='ocrx_word' id='word_1_49' title='bbox 1403 708 1665 779; x_wconf 81' lang='lat' dir='ltr'>applicue-</span> 
     </span>
     <span class='ocr_line' id='line_1_8' title="bbox 295 782 1664 860; baseline 0.004 -23"><span class='ocrx_word' id='word_1_50' title='bbox 295 782 421 838; x_wconf 69' lang='lat' dir='ltr'>runt</span> <span class='ocrx_word' id='word_1_51' title='bbox 438 825 453 852; x_wconf 87' lang='lat'>‚</span> <span class='ocrx_word' id='word_1_52' title='bbox 481 798 530 838; x_wconf 84' lang='lat' dir='ltr'>et</span> <span class='ocrx_word' id='word_1_53' title='bbox 561 791 713 851; x_wconf 75' lang='grc' dir='ltr'><strong><em>ἠξίουν</em></strong></span> <span class='ocrx_word' id='word_1_54' title='bbox 740 791 902 850; x_wconf 80' lang='grc' dir='ltr'><strong><em>αὖτοὺς</em></strong></span> <span class='ocrx_word' id='word_1_55' title='bbox 927 792 1148 857; x_wconf 77' lang='grc' dir='ltr'><strong><em>ἡγεμόνας</em></strong></span> <span class='ocrx_word' id='word_1_56' title='bbox 1178 794 1308 860; x_wconf 74' lang='grc' dir='ltr'><strong><em>σφῶν</em></strong></span> <span class='ocrx_word' id='word_1_57' title='bbox 1333 797 1550 856; x_wconf 63' lang='grc' dir='ltr'>γενέσθαι</span> <span class='ocrx_word' id='word_1_58' title='bbox 1581 806 1664 842; x_wconf 57' lang='grc' dir='ltr'>κιὰι.ὁ</span> 
     </span>
     <span class='ocr_line' id='line_1_9' title="bbox 298 867 1665 932; baseline 0.001 -16"><span class='ocrx_word' id='word_1_59' title='bbox 298 867 359 917; x_wconf 77' lang='grc' dir='ltr'>τὰ</span> <span class='ocrx_word' id='word_1_60' title='bbox 379 867 439 918; x_wconf 48' lang='grc' dir='ltr'>’τὸ</span> <span class='ocrx_word' id='word_1_61' title='bbox 472 872 671 931; x_wconf 78' lang='grc' dir='ltr'><strong><em>ξυγγενές</em></strong></span> <span class='ocrx_word' id='word_1_62' title='bbox 709 869 755 932; x_wconf 77' lang='lat'>(2</span> <span class='ocrx_word' id='word_1_63' title='bbox 765 870 865 931; x_wconf 81' lang='lat'>44).</span> <span class='ocrx_word' id='word_1_64' title='bbox 920 868 1109 928; x_wconf 84' lang='lat' dir='ltr'>-Quutn</span> <span class='ocrx_word' id='word_1_65' title='bbox 1134 869 1443 931; x_wconf 78' lang='lat' dir='ltr'>Syracusani</span> <span class='ocrx_word' id='word_1_66' title='bbox 1477 877 1527 917; x_wconf 93' lang='lat' dir='ltr'>et</span> <span class='ocrx_word' id='word_1_67' title='bbox 1558 869 1665 917; x_wconf 87' lang='lat' dir='ltr'>Le-</span> 
     </span>
     <span class='ocr_line' id='line_1_10' title="bbox 297 945 1661 1010; baseline 0.001 -18"><span class='ocrx_word' id='word_1_68' title='bbox 297 946 465 993; x_wconf 87' lang='lat' dir='ltr'>ontini</span> <span class='ocrx_word' id='word_1_69' title='bbox 505 946 690 996; x_wconf 87' lang='lat' dir='ltr'>bellum</span> <span class='ocrx_word' id='word_1_70' title='bbox 730 947 858 994; x_wconf 87' lang='lat' dir='ltr'>inter</span> <span class='ocrx_word' id='word_1_71' title='bbox 900 948 947 993; x_wconf 86' lang='lat' dir='ltr'>se</span> <span class='ocrx_word' id='word_1_72' title='bbox 989 945 1256 1010; x_wconf 72' lang='lat' dir='ltr'>gerebant3</span> <span class='ocrx_word' id='word_1_73' title='bbox 1324 946 1536 1010; x_wconf 83' lang='lat' dir='ltr'>Rhegini</span> <span class='ocrx_word' id='word_1_74' title='bbox 1584 948 1661 994; x_wconf 77' lang='lat' dir='ltr'>his</span> 
     </span>
     <span class='ocr_line' id='line_1_11' title="bbox 296 1023 1664 1088; baseline -0.001 -17"><span class='ocrx_word' id='word_1_75' title='bbox 296 1023 536 1073; x_wconf 81' lang='lat' dir='ltr'>faverunt</span> <span class='ocrx_word' id='word_1_76' title='bbox 551 1060 566 1085; x_wconf 88' lang='lat'>‚</span> <span class='ocrx_word' id='word_1_77' title='bbox 594 1024 710 1075; x_wconf 76' lang='grc' dir='ltr'><strong><em>κατὰ</em></strong></span> <span class='ocrx_word' id='word_1_78' title='bbox 742 1024 795 1076; x_wconf 82' lang='grc' dir='ltr'>τὸ</span> <span class='ocrx_word' id='word_1_79' title='bbox 821 1029 1019 1088; x_wconf 77' lang='grc' dir='ltr'><strong><em>ξυγγενές</em></strong></span> <span class='ocrx_word' id='word_1_80' title='bbox 1044 1025 1197 1087; x_wconf 78' lang='lat'>(245).</span> <span class='ocrx_word' id='word_1_81' title='bbox 1217 1051 1282 1060; x_wconf 90' lang='lat'>—</span> <span class='ocrx_word' id='word_1_82' title='bbox 1298 1024 1472 1084; x_wconf 82' lang='lat' dir='ltr'>Melii,</span> <span class='ocrx_word' id='word_1_83' title='bbox 1499 1023 1561 1070; x_wconf 81' lang='lat' dir='ltr'>ab</span> <span class='ocrx_word' id='word_1_84' title='bbox 1587 1024 1664 1071; x_wconf 85' lang='lat' dir='ltr'>A-</span> 
     </span>
     <span class='ocr_line' id='line_1_12' title="bbox 297 1099 1665 1163; baseline 0 -14"><span class='ocrx_word' id='word_1_85' title='bbox 297 1101 632 1149; x_wconf 84' lang='lat' dir='ltr'>thenienfibus</span> <span class='ocrx_word' id='word_1_86' title='bbox 653 1102 805 1163; x_wconf 86' lang='lat' dir='ltr'>presfi</span> <span class='ocrx_word' id='word_1_87' title='bbox 822 1136 838 1162; x_wconf 87' lang='lat'>‚</span> <span class='ocrx_word' id='word_1_88' title='bbox 869 1099 1125 1161; x_wconf 84' lang='lat' dir='ltr'>dicebant,</span> <span class='ocrx_word' id='word_1_89' title='bbox 1153 1102 1200 1147; x_wconf 82' lang='lat' dir='ltr'>se</span> <span class='ocrx_word' id='word_1_90' title='bbox 1224 1101 1531 1162; x_wconf 77' lang='lat' dir='ltr'>exspectare,</span> <span class='ocrx_word' id='word_1_91' title='bbox 1558 1100 1665 1149; x_wconf 84' lang='lat' dir='ltr'>La-</span> 
     </span>
     <span class='ocr_line' id='line_1_13' title="bbox 296 1176 1663 1242; baseline -0.004 -17"><span class='ocrx_word' id='word_1_92' title='bbox 296 1178 724 1232; x_wconf 89' lang='lat' dir='ltr'>cedaemoniorum</span> <span class='ocrx_word' id='word_1_93' title='bbox 750 1178 997 1225; x_wconf 85' lang='lat' dir='ltr'>civitatem</span> <span class='ocrx_word' id='word_1_94' title='bbox 1026 1176 1115 1224; x_wconf 85' lang='lat' dir='ltr'>fibi</span> <span class='ocrx_word' id='word_1_95' title='bbox 1144 1178 1327 1225; x_wconf 84' lang='lat' dir='ltr'>auxilio</span> <span class='ocrx_word' id='word_1_96' title='bbox 1354 1176 1462 1234; x_wconf 74' lang='lat' dir='ltr'>fore</span> <span class='ocrx_word' id='word_1_97' title='bbox 1475 1211 1493 1238; x_wconf 92' lang='lat'><strong><em>,</em></strong></span> <span class='ocrx_word' id='word_1_98' title='bbox 1523 1178 1663 1242; x_wconf 56' lang='grc' dir='ltr'><strong><em>ἀνάγ.</em></strong></span> 
     </span>
     <span class='ocr_line' id='line_1_14' title="bbox 296 1255 1663 1320; baseline 0.001 -15"><span class='ocrx_word' id='word_1_99' title='bbox 296 1276 381 1315; x_wconf 83' lang='grc' dir='ltr'>κην</span> <span class='ocrx_word' id='word_1_100' title='bbox 422 1259 612 1319; x_wconf 80' lang='grc' dir='ltr'><strong><em>ἔχουσαν</em></strong></span> <span class='ocrx_word' id='word_1_101' title='bbox 643 1262 728 1304; x_wconf 87' lang='grc' dir='ltr'><strong><em>’καὶ</em></strong></span> <span class='ocrx_word' id='word_1_102' title='bbox 770 1257 812 1306; x_wconf 83' lang='grc' dir='ltr'>εἰ</span> <span class='ocrx_word' id='word_1_103' title='bbox 833 1255 897 1318; x_wconf 85' lang='grc' dir='ltr'>μὴ</span> <span class='ocrx_word' id='word_1_104' title='bbox 924 1258 1005 1305; x_wconf 71' lang='grc' dir='ltr'>τοῦ</span> <span class='ocrx_word' id='word_1_105' title='bbox 1036 1255 1173 1305; x_wconf 72' lang='grc' dir='ltr'><strong><em>ἄλλου</em></strong></span> <span class='ocrx_word' id='word_1_106' title='bbox 1186 1294 1198 1315; x_wconf 90' lang='grc'><em>,</em></span> <span class='ocrx_word' id='word_1_107' title='bbox 1227 1259 1305 1315; x_wconf 80' lang='grc' dir='ltr'>τῆς</span> <span class='ocrx_word' id='word_1_108' title='bbox 1333 1277 1384 1319; x_wconf 79' lang='grc' dir='ltr'>γε</span> <span class='ocrx_word' id='word_1_109' title='bbox 1414 1260 1663 1320; x_wconf 76' lang='grc' dir='ltr'>ξυγγενείας</span> 
     </span>
     <span class='ocr_line' id='line_1_15' title="bbox 295 1327 1665 1400; baseline -0.001 -18"><span class='ocrx_word' id='word_1_110' title='bbox 295 1339 424 1382; x_wconf 78' lang='grc' dir='ltr'><strong><em>ἕνεκα</em></strong></span> <span class='ocrx_word' id='word_1_111' title='bbox 451 1340 529 1387; x_wconf 80' lang='grc' dir='ltr'>καὶ</span> <span class='ocrx_word' id='word_1_112' title='bbox 548 1327 736 1400; x_wconf 61' lang='grc' dir='ltr'><strong><em>ἆῖσχὺνῃ</em></strong></span> <span class='ocrx_word' id='word_1_113' title='bbox 758 1337 957 1394; x_wconf 71' lang='grc' dir='ltr'>,βοηθεῖν</span> <span class='ocrx_word' id='word_1_114' title='bbox 982 1331 1139 1395; x_wconf 83' lang='lat'>(246).</span> <span class='ocrx_word' id='word_1_115' title='bbox 1175 1332 1549 1393; x_wconf 82' lang='lat' dir='ltr'>Ambraciotae,</span> <span class='ocrx_word' id='word_1_116' title='bbox 1572 1349 1665 1381; x_wconf 74' lang='lat' dir='ltr'>ex·-</span> 
     </span>
     <span class='ocr_line' id='line_1_16' title="bbox 292 1409 1665 1472; baseline 0 -15"><span class='ocrx_word' id='word_1_117' title='bbox 292 1410 595 1472; x_wconf 87' lang='lat' dir='ltr'>peditionem</span> <span class='ocrx_word' id='word_1_118' title='bbox 642 1410 698 1456; x_wconf 91' lang='lat' dir='ltr'>in</span> <span class='ocrx_word' id='word_1_119' title='bbox 738 1409 1071 1464; x_wconf 81' lang='lat' dir='ltr'>Acarnaniam</span> <span class='ocrx_word' id='word_1_120' title='bbox 1109 1409 1364 1457; x_wconf 85' lang='lat' dir='ltr'>molientes</span> <span class='ocrx_word' id='word_1_121' title='bbox 1379 1445 1394 1471; x_wconf 85' lang='lat'><strong>,</strong></span> <span class='ocrx_word' id='word_1_122' title='bbox 1414 1426 1451 1457; x_wconf 62' lang='lat' dir='ltr'>‘a</span> <span class='ocrx_word' id='word_1_123' title='bbox 1478 1410 1665 1463; x_wconf 85' lang='lat' dir='ltr'>Corin-</span> 
     </span>
     <span class='ocr_line' id='line_1_17' title="bbox 294 1487 1664 1549; baseline 0.001 -15"><span class='ocrx_word' id='word_1_124' title='bbox 294 1487 414 1535; x_wconf 83' lang='lat' dir='ltr'>thiis</span> <span class='ocrx_word' id='word_1_125' title='bbox 454 1503 603 1535; x_wconf 85' lang='lat' dir='ltr'>naves</span> <span class='ocrx_word' id='word_1_126' title='bbox 635 1495 935 1549; x_wconf 84' lang='lat' dir='ltr'>acceperunt</span> <span class='ocrx_word' id='word_1_127' title='bbox 961 1522 976 1548; x_wconf 91' lang='lat'><strong>,</strong></span> <span class='ocrx_word' id='word_1_128' title='bbox 1027 1503 1142 1534; x_wconf 88' lang='lat' dir='ltr'>cum</span> <span class='ocrx_word' id='word_1_129' title='bbox 1173 1488 1355 1534; x_wconf 84' lang='lat' dir='ltr'>horum</span> <span class='ocrx_word' id='word_1_130' title='bbox 1387 1489 1545 1535; x_wconf 82' lang='lat' dir='ltr'>essent</span> <span class='ocrx_word' id='word_1_131' title='bbox 1574 1505 1664 1544; x_wconf 86' lang='lat' dir='ltr'>co-</span> 
     </span>
     <span class='ocr_line' id='line_1_18' title="bbox 292 1553 1658 1627; baseline -0.001 -14"><span class='ocrx_word' id='word_1_132' title='bbox 292 1566 440 1625; x_wconf 91' lang='lat' dir='ltr'>loni,</span> <span class='ocrx_word' id='word_1_133' title='bbox 493 1565 673 1627; x_wconf 90' lang='lat' dir='ltr'>quibus</span> <span class='ocrx_word' id='word_1_134' title='bbox 699 1565 943 1612; x_wconf 87' lang='lat' dir='ltr'>Corinthii</span> <span class='ocrx_word' id='word_1_135' title='bbox 994 1563 1202 1610; x_wconf 81' lang='lat' dir='ltr'>studiose</span> <span class='ocrx_word' id='word_1_136' title='bbox 1241 1563 1473 1611; x_wconf 85' lang='lat' dir='ltr'>favebant</span> <span class='ocrx_word' id='word_1_137' title='bbox 1498 1553 1658 1627; x_wconf 78' lang='lat'>(247).</span> 
     </span>
     <span class='ocr_line' id='line_1_19' title="bbox 293 1633 1665 1704; baseline 0 -14"><span class='ocrx_word' id='word_1_138' title='bbox 293 1641 376 1690; x_wconf 85' lang='lat' dir='ltr'>Ex</span> <span class='ocrx_word' id='word_1_139' title='bbox 416 1642 586 1690; x_wconf 86' lang='lat' dir='ltr'>eodem</span> <span class='ocrx_word' id='word_1_140' title='bbox 630 1642 723 1689; x_wconf 90' lang='lat' dir='ltr'>hoc</span> <span class='ocrx_word' id='word_1_141' title='bbox 756 1640 1362 1696; x_wconf 25' lang='lat' dir='ltr'>necessitudinisffvinculo</span> <span class='ocrx_word' id='word_1_142' title='bbox 1402 1633 1665 1704; x_wconf 76' lang='lat' dir='ltr'>explican-</span> 
     </span>
     <span class='ocr_line' id='line_1_20' title="bbox 293 1716 1660 1784; baseline 0 -18"><span class='ocrx_word' id='word_1_143' title='bbox 293 1721 415 1768; x_wconf 86' lang='lat' dir='ltr'>dum</span> <span class='ocrx_word' id='word_1_144' title='bbox 441 1729 546 1780; x_wconf 89' lang='lat' dir='ltr'>est,</span> <span class='ocrx_word' id='word_1_145' title='bbox 583 1720 714 1781; x_wconf 92' lang='lat' dir='ltr'>quod</span> <span class='ocrx_word' id='word_1_146' title='bbox 742 1719 1017 1784; x_wconf 66' lang='lat' dir='ltr'>Corinthii,</span> <span class='ocrx_word' id='word_1_147' title='bbox 1052 1734 1163 1764; x_wconf 89' lang='lat' dir='ltr'>cum</span> <span class='ocrx_word' id='word_1_148' title='bbox 1197 1716 1504 1765; x_wconf 87' lang='lat' dir='ltr'>Graecorum</span> <span class='ocrx_word' id='word_1_149' title='bbox 1532 1721 1660 1776; x_wconf 83' lang='lat' dir='ltr'>acies</span> 
     </span>
     <span class='ocr_line' id='line_1_21' title="bbox 291 1793 1711 1857; baseline 0 -13"><span class='ocrx_word' id='word_1_150' title='bbox 291 1798 355 1845; x_wconf 90' lang='lat' dir='ltr'>ad</span> <span class='ocrx_word' id='word_1_151' title='bbox 384 1797 608 1846; x_wconf 82' lang='lat' dir='ltr'>Plataeas</span> <span class='ocrx_word' id='word_1_152' title='bbox 641 1795 994 1855; x_wconf 81' lang='lat' dir='ltr'>ordinabatur,</span> <span class='ocrx_word' id='word_1_153' title='bbox 1025 1811 1055 1841; x_wconf 90' lang='lat' dir='ltr'>a</span> <span class='ocrx_word' id='word_1_154' title='bbox 1081 1793 1323 1841; x_wconf 81' lang='lat' dir='ltr'>Pausania</span> <span class='ocrx_word' id='word_1_155' title='bbox 1359 1795 1660 1857; x_wconf 85' lang='lat' dir='ltr'>impetrave-</span> <span class='ocrx_word' id='word_1_156' title='bbox 1704 1815 1711 1824; x_wconf 70' lang='grc'><strong>’</strong></span> 
     </span>
     <span class='ocr_line' id='line_1_22' title="bbox 292 1872 1658 1936; baseline -0.001 -13"><span class='ocrx_word' id='word_1_157' title='bbox 292 1884 451 1935; x_wconf 84' lang='lat' dir='ltr'>runt,</span> <span class='ocrx_word' id='word_1_158' title='bbox 487 1882 544 1936; x_wconf 86' lang='lat' dir='ltr'>ut</span> <span class='ocrx_word' id='word_1_159' title='bbox 574 1874 713 1920; x_wconf 86' lang='lat' dir='ltr'>iuxta</span> <span class='ocrx_word' id='word_1_160' title='bbox 753 1874 799 1919; x_wconf 88' lang='lat' dir='ltr'>se</span> <span class='ocrx_word' id='word_1_161' title='bbox 840 1872 1019 1920; x_wconf 81' lang='lat' dir='ltr'>starent</span> <span class='ocrx_word' id='word_1_162' title='bbox 1050 1873 1392 1935; x_wconf 81' lang='lat' dir='ltr'>Potidaeatae,</span> <span class='ocrx_word' id='word_1_163' title='bbox 1439 1873 1658 1936; x_wconf 64' lang='lat' dir='ltr'>ipsorum</span> 
     </span>
    </p>
   </div>
   <div class='ocr_carea' id='block_1_3' title="bbox 1575 1968 1662 2004">
    <p class='ocr_par' dir='ltr' id='par_1_3' title="bbox 1575 1968 1662 2004">
     <span class='ocr_line' id='line_1_23' title="bbox 1575 1968 1662 2004; baseline -0.011 -4"><span class='ocrx_word' id='word_1_164' title='bbox 1575 1968 1662 2004; x_wconf 55' lang='lat' dir='ltr'>CO„-</span> 
     </span>
    </p>
   </div>
   <div class='ocr_carea' id='block_1_4' title="bbox 268 2195 975 2553">
    <p class='ocr_par' dir='ltr' id='par_1_4' title="bbox 268 2195 975 2553">
     <span class='ocr_line' id='line_1_24' title="bbox 346 2195 927 2246; baseline 0.002 -12"><span class='ocrx_word' id='word_1_165' title='bbox 346 2195 475 2245; x_wconf 78' lang='lat'>(24⁴²)</span> <span class='ocrx_word' id='word_1_166' title='bbox 505 2196 762 2235; x_wconf 65' lang='lat' dir='ltr'>Hauonorus</span> <span class='ocrx_word' id='word_1_167' title='bbox 790 2196 839 2235; x_wconf 90' lang='lat' dir='ltr'>V.</span> <span class='ocrx_word' id='word_1_168' title='bbox 860 2208 927 2246; x_wconf 84' lang='lat'>49.</span> 
     </span>
     <span class='ocr_line' id='line_1_25' title="bbox 268 2254 934 2309; baseline 0 -12"><span class='ocrx_word' id='word_1_169' title='bbox 268 2260 271 2265; x_wconf 83' lang='lat'>&#39;</span> <span class='ocrx_word' id='word_1_170' title='bbox 347 2254 477 2309; x_wconf 85' lang='lat'>(243)</span> <span class='ocrx_word' id='word_1_171' title='bbox 510 2257 766 2296; x_wconf 67' lang='lat' dir='ltr'>Hauonorus</span> <span class='ocrx_word' id='word_1_172' title='bbox 794 2257 842 2298; x_wconf 88' lang='lat' dir='ltr'>V.</span> <span class='ocrx_word' id='word_1_173' title='bbox 870 2271 934 2308; x_wconf 92' lang='lat'>97.</span> 
     </span>
     <span class='ocr_line' id='line_1_26' title="bbox 345 2319 937 2369; baseline -0.002 -11"><span class='ocrx_word' id='word_1_174' title='bbox 345 2319 478 2369; x_wconf 71' lang='lat'><strong>(244)</strong></span> <span class='ocrx_word' id='word_1_175' title='bbox 507 2319 780 2358; x_wconf 71' lang='lat' dir='ltr'>Tflucvomsss</span> <span class='ocrx_word' id='word_1_176' title='bbox 813 2319 846 2357; x_wconf 92' lang='grc' dir='ltr'>Ι.</span> <span class='ocrx_word' id='word_1_177' title='bbox 875 2330 937 2367; x_wconf 81' lang='lat'>95.</span> 
     </span>
     <span class='ocr_line' id='line_1_27' title="bbox 346 2379 975 2430; baseline 0 -11"><span class='ocrx_word' id='word_1_178' title='bbox 346 2380 475 2430; x_wconf 84' lang='lat'><strong>(245)</strong></span> <span class='ocrx_word' id='word_1_179' title='bbox 506 2379 778 2420; x_wconf 64' lang='lat' dir='ltr'>Taucvmnas</span> <span class='ocrx_word' id='word_1_180' title='bbox 809 2380 884 2419; x_wconf 91' lang='lat'><em>111.</em></span> <span class='ocrx_word' id='word_1_181' title='bbox 910 2382 975 2429; x_wconf 87' lang='lat'>87.</span> 
     </span>
     <span class='ocr_line' id='line_1_28' title="bbox 350 2441 975 2491; baseline 0.002 -12"><span class='ocrx_word' id='word_1_182' title='bbox 350 2441 477 2491; x_wconf 79' lang='lat'>(246)</span> <span class='ocrx_word' id='word_1_183' title='bbox 507 2441 778 2481; x_wconf 69' lang='lat' dir='ltr'>Tuucvmnzs</span> <span class='ocrx_word' id='word_1_184' title='bbox 808 2441 855 2479; x_wconf 87' lang='lat' dir='ltr'>V.</span> <span class='ocrx_word' id='word_1_185' title='bbox 889 2453 975 2490; x_wconf 79' lang='lat'><strong>¹04·</strong></span> 
     </span>
     <span class='ocr_line' id='line_1_29' title="bbox 350 2501 931 2553; baseline 0 -13"><span class='ocrx_word' id='word_1_186' title='bbox 350 2501 477 2553; x_wconf 81' lang='lat'><em>(247)</em></span> <span class='ocrx_word' id='word_1_187' title='bbox 511 2501 781 2542; x_wconf 68' lang='lat' dir='ltr'>Tuocvomsss</span> <span class='ocrx_word' id='word_1_188' title='bbox 815 2502 868 2540; x_wconf 81' lang='grc' dir='ltr'>Η.</span> <span class='ocrx_word' id='word_1_189' title='bbox 897 2502 931 2540; x_wconf 88' lang='grc'>8.</span> 
     </span>
    </p>
   </div>
  </div>
 </body>
</html>
