1787 3205
394 276 512 323 DE.
529 273 767 324 COLON
771 276 794 322 1
799 274 856 322 15
864 285 872 310 ²³
893 271 1264 323 VETERUM.
1450 275 1527 349 45³

226 434 493 482 Videamus
521 436 616 482 iam
642 436 702 483 de
730 421 1040 481 Phoenicum
1069 433 1274 480 coloniis
1307 433 1360 479 in
1389 431 1525 479 utri-

159 527 446 573 usquefora
485 521 534 559 et
571 513 742 560 infulis
780 512 932 559 maris
1001 511 1195 557 Interni
1244 511 1379 569 fitis,
1426 525 1522 571 per

147 588 291 649 quod
332 590 383 635 in
430 590 603 651 primis
647 578 824 636 eorum
869 588 1134 635 tendebant
1176 588 1422 649 navigatio
1455 583 1519 634 vet

156 671 461 726 mercatura,
480 667 832 728 principesque
859 673 1000 712 erant
1026 665 1250 711 conditae
1274 664 1515 710 coloniae.

220 741 361 790 Nulli
416 744 499 790 alii
541 744 716 791 veteris
761 742 893 790 orbis
940 743 1165 806 regioni,
1212 750 1292 792 =tot
1345 747 1517 788 tanta-

152 835 248 880 que
266 822 468 882 ‘egregia
499 821 658 878 dona,
690 821 824 880 larga
852 835 1005 864 manu
1031 812 1276 863 tribuerat
1306 818 1517 879 benigna

155 903 335 942 natura
355 931 373 964 ,Ἰ
406 912 571 957 quam
624 888 932 956 Hispaniae,
980 894 1217 955 nullaque
1265 894 1382 940 hinc
1423 894 1521 940 alia

151 977 291 1017 tanta
317 971 600 1018 divitiarum
630 970 761 1015 fama
802 986 832 1016 a
859 969 1108 1016 veteribus
1140 969 1382 1015 celebrata
1409 976 1516 1029 est,

152 1048 250 1096 five
300 1048 407 1093 eius
464 1047 777 1093 metallorum
837 1047 1058 1108 copiam,
1118 1048 1213 1094 five
1254 1047 1380 1093 alius
1429 1062 1519 1108 ge-

154 1126 288 1172 neris
343 1125 450 1171 eius
496 1125 810 1171 'fertilitatem
866 1126 1153 1185 spectemus·
1242 1124 1344 1170 Illis
1400 1139 1519 1172 vero

155 1203 492 1263 maximopere
519 1202 805 1263 praestabat..
876 1202 1051 1248 Strabo
1082 1209 1289 1249 testatur
1320 1204 1404 1248 sua
1431 1218 1521 1248 ae-

152 1286 252 1326 tate
291 1279 467 1326 nullibi
506 1288 784 1340 terrarum,
810 1296 1051 1351 ³aurum,
1095 1287 1386 1342 argentum,
1436 1295 1519 1326 aes

150 1364 239 1404 aut
281 1357 467 1404 ferrum
490 1364 640 1404 -tanta
684 1358 826 1418 copia
855 1374 910 1403 ac
948 1356 1167 1403 bonitate
1197 1355 1345 1402 fuisse
1375 1374 1519 1409 com-

150 1443 293 1496 perta
344 1442 490 1496 quam
531 1436 583 1481 in
628 1435 871 1496 Hispania
926 1435 1045 1495 (96).
1118 1434 1313 1480 Multae
1354 1436 1519 1497 serip-

148 1517 339 1557 torum‘
362 1513 669 1558 narrationes
695 1512 809 1557 ‘huc
846 1512 1114 1572 pertinent.
1179 1510 1335 1556 Fama
1379 1510 1516 1557 fere-

150 1586 235 1633 bat
274 1603 453 1633 aurum
495 1588 562 1633 ibi
595 1603 696 1633 non
736 1586 883 1631 effodi
913 1588 1054 1632 modo
1074 1619 1088 1644 ‚
1118 1587 1196 1632 sed
1227 1594 1277 1632 et
1304 1587 1516 1634 flumina.

149 1670 199 1710 et
249 1658 494 1710 torrentes
534 1681 657 1710 auro
709 1665 1002 1725 permixtam
1047 1679 1247 1710 arenam
1294 1665 1511 1720 volvere.

148 1738 400 1786 Diodorus
441 1740 636 1787 Siculus
667 1741 919 1787 historiam
951 1749 1151 1801 narrat,
1184 1756 1309 1803 quae
1334 1743 1369 1789 fi
1394 1759 1514 1790 vera

146 1825 250 1876 est,
298 1817 600 1863 Phoenicum
643 1817 961 1862 *ambitiosum
1004 1820 1259 1874 animum,
1302 1835 1331 1863 a
1371 1835 1513 1865 mer-

147 1892 395 1941 catoribus
451 1893 561 1939 sane
613 1908 713 1938 nou
762 1892 1013 1953 alienum,
1045 1894 1256 1955 egregie
1307 1897 1508 1957 prodit;

144 1988 202 2019 eo
239 1972 421 2018 scilicet
466 1977 696 2031 quaestus
726 1970 882 2015 studio
911 1986 993 2014 eos
1032 1980 1292 2030 provectos
1328 1971 1509 2033 fuisse,

144 2055 231 2108 ut,
266 2065 408 2108 cum,
437 2045 641 2094 navibus
673 2046 770 2093 iam
804 2055 1004 2109 argento
1034 2047 1261 2108 refertis»,
1294 2052 1511 2100 multum

142 2127 303 2173 adhuc
344 2126 493 2171 huius
521 2125 701 2170 metalli
731 2125 1028 2185 superesset,
1071 2124 1277 2186 plumbo
1322 2129 1375 2173 in
1410 2145 1509 2176 an-

143 2204 273 2249 coris
329 2202 484 2248 exciso
505 2236 519 2260 ,
576 2209 776 2262 argento
833 2202 939 2248 eius
1003 2203 1142 2249 usum
1199 2205 1505 2268 explevisse,

142 2287 291 2341 atque
321 2284 583 2339 propterea
613 2293 694 2322 eos
714 2311 727 2335 ,
759 2277 833 2323 his
875 2278 1058 2325 divitiis
1099 2280 1324 2340 allectOS,
1360 2284 1505 2330 colo-

139 2358 249 2403 nias
286 2357 339 2402 in
384 2354 592 2401 Iberiam
634 2369 841 2401 numero
889 2356 1304 2418 plures<mifisse,
1342 2361 1504 2422 inque

1427 2455 1514 2485 m-

192 2610 294 2663 (96)
325 2611 488 2651 STRAeo
522 2611 593 2649 111.
622 2623 659 2660 p.
689 2612 777 2652 216.
