1787 3205
209 223 302 271 158
452 222 548 269 DE
583 219 906 270 coLoan
940 215 1309 276 VETERUM.

202 382 391 429 innixa.
464 380 678 448 Romani
718 383 833 430 iura
874 383 1182 433 coloniarum
1221 402 1325 434 non
1353 385 1554 450 ignora—

134 523 142 533 ἱ
201 465 323 505 runt
354 458 551 522 quidem
569 494 584 520 ,
625 466 675 507 et
696 455 895 530 ¹⁴'Pullus
917 452 1182 509 *Hostilius
1212 471 1301 511 rex
1337 465 1440 527 ipse
1475 464 1557 511 di-

201 544 374 598 xerat,
418 537 513 599 (uti
539 537 687 598 supra
710 536 939 599 vidimus)
970 544 1201 600 oportere
1231 542 1437 587 omnino
1467 557 1557 587 co-
1629 579 1631 581 .

200 613 359 660 Ionias
388 613 591 660 suorum
621 604 933 660 conditorum
957 614 1167 677 imperio
1190 630 1390 677 parere,
1412 617 1557 685 'qu‘afi

198 691 295 737 hoc
324 691 381 739 fit
408 690 510 752 lege
539 689 750 755 quadam
786 696 994 737 naturae
1021 691 1286 738 necessaria
1319 693 1565 740 constitu-¹*

201 776 308 815 tum
327 802 343 829 ‚
384 783 546 830 neque
586 770 760 815 verum
778 801 794 827 ‚
822 773 984 829 neque
1006 765 1220 830 aequum
1249 770 1366 816 esse.
1436 769 1560 816 Uti4

197 859 313 890 nam
342 851 506 890 tamen
531 843 592 890 ab
620 844 756 890 hisce
780 844 963 906 regulis
993 849 1093 890 non
1128 837 1329 907 longius
1365 837 1556 907 semper
1618 894 1620 897 ,
1645 893 1647 895 ,

198 921 524 968 recesfissent!
594 918 830 967 Constans
859 922 991 967 enim
1031 920 1269 971 Romanis
1295 922 1553 970 confilium
1625 982 1637 988 ι

197 998 295 1045 fnit
313 1032 329 1059 ,
365 998 666 1054 utcolonias
699 996 787 1044 fibi
816 996 1051 1044 obnoxias
1079 996 1333 1045 haberent.
1406 998 1554 1058 Quod

197 1075 445 1122 neminem
491 1074 680 1136 fugiat,
723 1074 985 1120 dummodo
1025 1080 1211 1121 attente
1256 1090 1432 1122 eorum
1472 1091 1555 1122 co-

193 1152 449 1198 loniarum
493 1152 737 1217 rationein
762 1151 1063 1211 confideret5
1110 1158 1160 1198 et
1202 1152 1403 1199 modum
1444 1168 1548 1214 quo

192 1244 274 1275 eas
315 1235 403 1274 aut
442 1227 734 1274 deduxerint
752 1261 767 1287 ‚
806 1233 895 1273 aut
937 1226 1306 1287 constituerint3
1351 1229 1483 1290 quod
1508 1229 1551 1275 'fi

193 1307 305 1368 quis
343 1306 546 1365 fecerit,
593 1321 695 1351 non
740 1304 834 1350 erit
872 1304 1004 1366 quod
1044 1305 1356 1353 vehementer
1395 1307 1551 1352 mire-

189 1390 309 1443 tur,
369 1383 459 1445 qui
530 1380 636 1428 fieri
706 1381 959 1444 potuerit,
1022 1388 1081 1428 ut
1132 1380 1352 1429 'Romani
1409 1383 1550 1429 colo-

186 1460 296 1507 nias
336 1461 454 1506 adeo
503 1458 590 1506 fibi
631 1466 861 1521 parentes
896 1466 970 1505 'et
995 1458 1250 1506 'obnoxias
1289 1459 1545 1508 haberent.
1628 1507 1631 1509 ,

186 1537 329 1583 Haec
369 1538 500 1582 enim
552 1536 889 1582 Romanorum
930 1536 1224 1597 prudentiae
1264 1536 1394 1583 civili
1438 1531 1549 1583 laus

183 1612 448 1659 tribuenda
473 1617 573 1671 est,
603 1611 733 1676 quod
758 1611 944 1656 nullam
969 1611 1260 1657 deduxerint
1284 1609 1547 1674 coloniam,

184 1690 277 1738 nifi
334 1696 468 1736 certo
522 1688 693 1749 aliquo
734 1687 962 1747 confilio,
1007 1693 1056 1732 et
1104 1683 1353 1748 oninium,
1392 1696 1545 1750 quot-

185 1774 307 1828 quot
350 1765 675 1812 condiderunt
694 1797 709 1822 ‚
750 1764 927 1809 fortem
974 1778 1032 1808 ao
1077 1762 1406 1810 conditionem
1441 1764 1547 1828 lege

182 1844 374 1906 agraria
403 1841 757 1889 constituerint.
827 1839 1004 1886 Emisfi
1033 1846 1197 1886 autem
1226 1855 1283 1886 eo
1314 1841 1412 1887 iam
1449 1841 1545 1888 de-

182 1922 379 1968 terioris
421 1925 562 1966 erant
595 1917 717 1964 iuris
743 1932 799 1962 ac
836 1916 1131 1962 conditionis
1148 1951 1164 1978 ,
1202 1917 1334 1979 quod
1372 1934 1542 1966 omnes

181 1999 367 2045 iurium
421 2005 612 2060 partem
655 1994 973 2052 amittebant3
1024 1983 1120 2041 heu
1163 1995 1372 2041 nimium
1420 1996 1541 2043 feli-

182 2093 289 2137 σεε,
340 2075 375 2121 fi
395 2110 410 2136 ,
456 2072 642 2120 amissis
691 2072 833 2132 aliis,
873 2071 1048 2124 cetenis
1086 2070 1172 2117 fibi
1211 2071 1395 2119 relictis
1430 2080 1541 2121 tuto

180 2153 379 2214 possent
423 2151 525 2197 uti!
595 2149 886 2209 Praeterea,
933 2156 992 2195 ut
1032 2147 1254 2195 coloniae
1298 2149 1543 2213 obnoxiae

181 2233 467 2286 manerent,
523 2240 683 2286 neque
728 2226 912 2270 exortis
955 2224 1220 2285 aliquando
1256 2225 1416 2276 turbis
1462 2228 1543 2274 se-

177 2308 224 2353 se
265 2322 295 2351 a
330 2303 666 2351 dominatione
726 2301 1064 2348 Romanorum
1121 2302 1422 2363 liberarent,
1487 2311 1537 2352 et

177 2383 379 2430 sortasse
423 2382 652 2441 deinceps
693 2379 823 2441 ipsae
866 2367 1209 2439 Romanorurn
1251 2380 1414 2428 hostes
1442 2378 1536 2428 fie-

175 2468 321 2517 rent3
367 2460 581 2506 maxima
641 2473 760 2505 cura
820 2457 1042 2519 regiones
1089 2458 1294 2506 coloniis
1337 2457 1537 2510 idoneas

175 2538 457 2600 elegerunt,
490 2551 651 2597 neque
692 2534 837 2581 facile
862 2548 919 2580 eo
948 2534 1284 2596 deduxerunt,
1328 2535 1535 2589 ubixloci

1421 2632 1534 2662 COH-
