1787 3205
215 209 281 279 ‘7⁸
472 215 571 266 DE
605 211 936 266 COLONHS
970 209 1340 267 VETERUM.

218 373 347 423 ratio
392 373 510 423 fuit.
579 374 711 424 Nam
754 377 956 425 tametfl·
979 376 1203 424 coioniae
1238 368 1461 424 Graecae
1500 375 1593 422 de·-

218 453 525 499 ducerentur
542 486 557 515 ,
602 453 699 502 five
740 454 935 517 privata
983 453 1081 502 five
1124 452 1325 516 publica
1367 450 1593 502 auctori-s

218 537 320 577 tate
337 564 354 590 ,
387 531 608 593 ipsorum
654 538 817 577 tamen
862 530 1154 577 colonorum
1195 531 1456 578 accedebat
1497 546 1595 579 vo-

217 606 387 654 luntas
403 641 419 668 ,
446 614 495 653 et
520 605 863 653 condebantur
885 606 1155 655 secundum
1187 607 1416 669 confilia‘,
1467 621 1594 670 quae

222 682 310 730 fibi
349 690 436 729 aut
466 684 636 731 civitas
655 716 673 744 ‚
714 689 804 729 aut
847 684 1034 744 privati
1072 684 1270 746 quidam
1315 685 1597 746 proposue-

221 766 369 807 rant:
416 766 477 807 et¹
510 758 627 808 licet
663 776 695 807 a
734 759 944 822 privatis
975 761 1322 808 emitterentur
1341 795 1356 822 ‚
1396 762 1596 825 auspice

220 846 388 885 tamen
433 837 541 884 fere
582 838 687 900 ipsa
733 838 938 885 civitate
964 836 1405 900 proficiscebantur
1419 873 1435 900 ,
1472 837 1598 885 reli-

221 914 485 978 gionisque
536 915 592 961 in
650 915 713 961 iis
759 914 1066 963 deducendis,
1090 917 1321 965 ⁸maxima.
1379 915 1598 964 habeba-

223 1000 314 1039 tur
370 993 516 1040 ratio,
598 992 788 1039 Contra
843 968 1090 1041 coloniae*
1102 1001 1221 1056 post
1267 1009 1486 1057 pugnam
1535 978 1599 1040 ad

225 1069 562 1116 Chaeroneam
608 1069 861 1129 conditae,
927 1085 1042 1115 cum
1111 1071 1265 1116 unius
1328 1069 1618 1116 Alexandri

224 1145 432 1193 arbitrio
460 1145 825 1191 deducerentur
841 1175 857 1206 ‚
905 1160 966 1191 ex
993 1145 1062 1190 iis
1084 1145 1339 1208 despotica
1365 1147 1601 1194 eius¹im-

223 1223 355 1286 perii
394 1221 554 1269 forma
582 1224 771 1284 egregie
806 1221 1069 1283 elucescit,
1112 1231 1162 1270 et
1200 1224 1236 1272 fi
1270 1238 1443 1271 earum
1473 1227 1604 1271 con-‘-

225 1301 497 1347 dendarum
544 1299 996 1347 animadvertamus
1034 1300 1237 1348 confilia
1253 1334 1270 1363 ‚
1315 1303 1602 1364 quantulae-‘-

227 1394 284 1425 re
312 1377 544 1424 differant
591 1393 621 1423 a
665 1377 874 1424 coloniis
902 1378 1122 1438 >proprie
1161 1377 1372 1441 Graecis
1388 1411 1403 1439 ,
1442 1377 1600 1440 magis

227 1462 473 1517 apparet3
505 1455 617 1501 illae
644 1453 776 1500 enim
820 1469 925 1500 non
967 1461 1179 1516 propter
1214 1445 1381 1503 civiles
1427 1454 1599 1501 causas

229 1531 574 1580 condebantur
589 1565 604 1592 ,
630 1530 710 1578 sed
745 1530 983 1590 militares
1018 1530 1124 1577 fere
1160 1540 1304 1579 erant
1322 1567 1338 1592 ,
1378 1532 1509 1592 five,
1540 1537 1602 1577 ut

227 1609 486 1666 veterani,
523 1623 647 1669 quos
676 1607 842 1652 senilis
880 1614 1012 1652 aetas
1044 1607 1259 1669 amplius
1291 1622 1429 1654 arma
1464 1607 1598 1653 ferre

230 1703 335 1736 non
365 1685 579 1746 finebat,
625 1701 707 1731 eas
738 1691 1000 1744 tenerent-,-
1036 1684 1132 1731 five
1150 1718 1165 1744 ,
1208 1692 1267 1731 ut
1293 1685 1346 1731 in
1368 1700 1449 1730 eas
1480 1684 1602 1731 mit-

230 1772 488 1825 terentur,
520 1763 607 1826 qui
629 1769 796 1840 gentes
817 1761 1030 1811 devictas
1058 1760 1376 1828 cohiberent,
1363 1779 1377 1790 ·
1402 1761 1601 1825 aliqua·
1640 1826 1643 1830 Ι

228 1852 378 1892 tenus
422 1842 574 1905 igitur
612 1856 694 1887 eas
723 1855 1015 1901 comparare
1040 1839 1156 1886 licet
1191 1856 1306 1886 eum
1336 1840 1430 1887 illo
1458 1839 1603 1885 colo-'-

230 1922 433 1969 uiarum
459 1932 667 1981 genere,
703 1916 836 1980 quod
868 1915 1043 1963 seriori
1072 1908 1300 1992 tempore
1326 1916 1462 1980 apud
1490 1914 1604 2007 Ro-
1644 1967 1646 1970 ,

232 2013 407 2046 manos
438 1995 721 2042 introduxit
743 1993 918 2055 Sylla..

300 2074 528 2121 Alterum
571 2071 834 2118 discrimen
876 2070 1008 2116 inter
1052 2068 1270 2116 colonias
1303 2067 1523 2116 Graecas
1553 2075 1604 2117 et
1690 2124 1697 2127 „

235 2151 508 2200 Alexandri
562 2149 733 2211 Magni
776 2148 829 2194 in
878 2164 935 2194 eo
981 2146 1318 2208 conspicitur,
1369 2146 1504 2210 quod
1547 2146 1605 2194 in

232 2231 311 2279 his
363 2227 669 2292 populorum
714 2226 766 2271 iu
806 2241 888 2271 eas
933 2225 1289 2272 mittendorum
1338 2226 1465 2272 ratio
1511 2226 1607 2272 ha-

235 2307 446 2354 bebatur
474 2320 576 2351 non
617 2303 739 2349 adeo
780 2317 987 2364 magna,
1031 2303 1101 2349 ita
1144 2308 1204 2348 ut
1244 2302 1296 2349 in
1336 2318 1440 2349 una
1467 2301 1609 2347 colo-

238 2386 323 2432 nia
354 2379 653 2430 multifarias
683 2366 1099 2425 animadverteres
1141 2384 1339 2441 gentes,
1380 2377 1467 2424 fibi
1498 2377 1607 2425 sae-

234 2467 305 2525 'pe
348 2475 519 2507 omnes
558 2458 767 2519 ignotas.
842 2454 963 2501 Illae
997 2470 1117 2501 vero
1160 2470 1222 2501 ex
1254 2454 1368 2500 solis
1400 2453 1609 2504 Graecis

243 2554 345 2585 non
374 2542 568 2583 tantum
598 2533 893 2598 compofitae
925 2539 1097 2592 erant,
1135 2532 1212 2580 sed
1240 2531 1349 2579 suas
1381 2548 1611 2597 quaeque

1461 2609 1610 2675 stirps
