1787 3205
452 231 549 281 DE
581 230 910 282 CO'DONHS
942 223 1311 282 VETERUM.³
1510 238 1574 295 7'7

206 390 308 448 lefii
325 389 770 454 frequentaverant
780 391 824 455 (1
836 391 940 456 70),
967 404 1277 455 quarumque
1306 389 1578 438 nonnussas

207 477 466 517 enumerat
494 470 811 532 Anaximines
836 460 1203 533 Lampsacenae
1228 470 1385 532 (171).
1439 468 1575 515 Hinc

203 547 495 596 Ammianus
525 542 848 601 Marcellinus
876 554 1119 608 testatur,
1165 548 1381 594 colonias
1397 545 1574 593 'Grae-

202 642 376 673 coru-m
428 627 489 673 ad
540 627 758 674 Pontum
816 627 1068 673 Euxinum
1087 659 1103 686 ‚
1160 625 1334 688 paucis
1376 630 1573 672 tantum

201 704 417 767 exceptis
435 738 450 766 ,
487 703 794 752 Milesiorum
824 705 973 756 fuisse
1008 706 1165 767 (172).

266 781 382 830 Non
423 782 620 843 quidem
665 788 837 828 omnes
868 782 1081 830 indicavi
1120 780 1289 827 causas
1306 815 1320 841 ,
1352 778 1415 827 ob
1447 793 1570 843 quas

201 858 384 907 Graeci
416 858 635 906 colonias
656 858 944 906 emiserunt.
1002 857 1234 904 Fuerunt
1268 857 1400 904 enim
1429 857 1573 904 colo-

200 937 342 997 niae,
388 952 602 999 quarum
649 937 709 983 de
746 992 751 999 „
781 936 1044 983 cendarum
1082 935 1209 981 ratio
1245 933 1373 981 nulli
1387 969 1403 995 ,
1445 950 1570 996 quas

200 1013 446 1074 indicavi,
474 1014 680 1060 causatu
707 1000 710 1005 Δ
736 1035 766 1074 ι,
797 1014 919 1061 esset
944 1012 1241 1070 tribuenda;
1271 1013 1370 1073 ita,
1396 1019 1453 1058 ut
1477 1013 1572 1059 hoc

200 1096 348 1151 utar,
390 1090 677 1137 nonnullae-
700 1091 1075 1143 deducebantur
1123 1097 1331 1152 propter
1382 1097 1571 1152 pestem

200 1167 253 1214 in
284 1166 464 1229 'patria
503 1162 791 1216 saevientem
810 1203 826 1230 ,
887 1185 1035 1232 quam
1088 1169 1350 1228 timente8‚
1394 1167 1567 1229 plures

199 1242 413 1290 familiae
436 1245 648 1306 patriam
673 1244 1050 1307 relinquebant,
1094 1245 1215 1291 alias
1252 1244 1382 1291 sedes
1411 1260 1569 1306 quae-

199 1320 407 1380 fiturae3
454 1311 694 1384 aliaeque=
728 1323 898 1388 causae
949 1321 1139 1384 plures.
1204 1321 1352 1368 Tales
1396 1330 1566 1369 autem.

199 1398 371 1445 causae
405 1405 506 1445 tam
550 1399 717 1445 variae
742 1399 858 1446 sunt
878 1433 893 1459 ,
939 1407 1003 1446 ut·
1040 1416 1121 1446 eas
1151 1415 1322 1446 omnes
1353 1415 1570 1447 enume-

199 1490 313 1522 rare
344 1475 547 1544 longum
573 1477 724 1522 esset:
766 1475 918 1545 magis
955 1477 1103 1523 etiam
1142 1477 1399 1538 inquirere
1443 1477 1567 1524 mihi

198 1551 469 1614 proposui,
511 1559 721 1614 propter
746 1568 872 1613 quae
906 1552 1107 1605 consilia
1134 1553 1306 1600 civitas
1346 1553 1566 1601 colonias

199 1620 347 1675 condi
399 1628 701 1689 decreverit,
748 1629 930 1691 quidve
982 1629 1103 1691 fibi,
1151 1630 1213 1676 iis
1263 1631 1526 1679 condendis
1544 1667 1562 1693 ‚

198 1705 512 1768 proposuerit
531 1738 546 1765 ,
608 1718 758 1768 quam
830 1707 1029 1768 quidem
1085 1708 1294 1769 singulas
1344 1710 1566 1756 omnium
1623 1711 1627 1715 “

197 1782 366 1831 causas
405 1781 652 1840 indicare,
696 1797 824 1844 quae
862 1784 1187 1844 singularibus
1227 1786 1416 1847 semper
1445 1787 1566 1848 qui-

199 1859 406 1907 busdam
451 1857 599 1906 rebus
639 1866 688 1906 et
731 1859 872 1906 factis
916 1861 1030 1906 sunt
1074 1860 1397 1922 tribuendae3
1448 1864 1594 1915 licet.

198 1945 362 1986 tamen
406 1936 515 1984 illas
572 1952 742 1983 omnes
790 1952 893 1983 non
934 1936 1137 1984 omnino
1182 1937 1372 1987 filentio
1411 1956 1567 2005 prae-

200 2014 465 2063 tereundas
507 2014 605 2060 esse
633 2014 877 2062 duxerim.

265 2091 587 2139 Coloniarum
631 2089 691 2136 ab
741 2081 1024 2137 Alexandro
1071 2091 1257 2155 Magno
1278 2128 1294 2155 ‚
1355 2094 1560 2144 Graecis

197 2168 423 2226 liberta‘te
487 2168 673 2216 orbatis
691 2202 708 2230 .-
783 2168 1107 2217 deductarum
1178 2171 1277 2218 alia
1358 2174 1561 2221 omnino

1483 2267 1562 2300 ra·

250 2450 377 2505 (¹70)
407 2451 570 2508 Srnmo
591 2451 703 2499 XIV,
734 2464 775 2503 p.
798 2463 870 2505 941
896 2454 952 2494 cf.
970 2464 1082 2494 ovm.
1099 2454 1212 2494 Trist.
1228 2453 1302 2495 111.
1314 2466 1352 2504 9.
1366 2467 1426 2499 vs.
1441 2466 1457 2498 1
1478 2459 1556 2509 seq.

249 2510 379 2564 (171)
408 2513 523 2564 Apud
552 2524 772 2557 sunonem
801 2514 895 2556 ibid.

244 2573 378 2628 (172)
407 2577 525 2618 Am.
553 2589 769 2621 MARCELL.
797 2577 928 2621 XXII.
956 2579 995 2620 8.
