1787 3205
466 274 563 326 DE
588 272 927 326 ‚2⁶:012on
955 268 1332 323 1VEOEERUM.
1519 271 1584 317 55

215 433 859 500 tinginienseq1premeb'at',
903 433 981 493 hi,
1031 438 1233 493 accepta
1281 429 1417 477 clade
1430 463 1447 489 ,
1494 426 1589 475 Sa-

219 518 427 560 turnum
454 512 542 578 fibi
566 507 814 577 adversari
835 508 1225 569 existimabant,
1265 507 1447 570 quod,r
1470 522 1588 554 cum

217 591 459 651 superiori
499 599 722 653 tempore
762 589 979 636 filiorum
1008 585 1445 649 praestantisfimos
1469 585 1587 631 huic

216 666 328 714 Deo
361 666 743 728 sacrificassent,
764 681 949 730 pueros
980 665 1157 712 deinde
1187 663 1313 722 olam
1343 669 1501 709 emtos
1534 670 1586 709 et

214 747 459 792 enutritos
488 747 548 792 ad
572 744 862 805 sacrificium
899 744 1172 789 mitterent.
1244 733 1587 798 Quamobrem

216 837 329 868 cum
360 823 526 868 hostes
556 828 671 868 ante
711 821 909 868 urbemr
932 809 1093 865 castra
1131 816 1363 863 habentes
1405 831 1587 863 cerne-

216 904 330 944 rent
347 929 360 954 ,
388 898 449 944 ad
490 889 661 943 Deum‘
685 894 979 957 placandum
1015 894 1254 940 ducentos
1276 907 1492 953 pueros,
1521 908 1587 940 ex
1619 895 1625 902 '

216 970 488 1034 praecipua
513 972 771 1026 nobilitate
792 972 1006 1017 delectos
1022 1004 1037 1029 ,
1071 970 1410 1016 immolarunt»
1435 971 1588 1032 (66).v

216 1047 381 1096 Gelon
426 1048 782 1110 Syracusarum
817 1035 926 1093 Rex
945 1082 960 1108 ,
999 1063 1169 1109 pacem
1215 1062 1329 1094 cum
1373 1046 1588 1095 Cartha-

213 1125 511 1187 giniensibus
550 1125 734 1172 faciens
752 1158 767 1183 ‚
814 1125 947 1170 inter
983 1124 1081 1169 alia
1113 1124 1284 1170 etiam.
1296 1123 1593 1185 stipulatum
1669 1162 1673 1168 .

215 1202 363 1249 suisli}
383 1199 597 1278 dieitur,
624 1210 683 1249 ut
713 1200 979 1253 infantium
1003 1200 1243 1248 Saturno
1252 1202 1589 1249 immolando-

213 1294 329 1325 rum
358 1294 547 1325 morem
591 1277 885 1339 abrogarent
929 1277 1089 1338 (67),
1131 1293 1232 1339 qua
1267 1278 1588 1340 stipulatione

215 1355 401 1401 nullam
440 1371 661 1417 unquam
701 1355 1002 1416 pulex-iorem
1045 1370 1160 1402 vere
1199 1355 1326 1402 dixit
1351 1356 1588 1404 Montes-

214 1432 440 1492 quievius
473 1431 608 1492 (68).
681 1431 887 1478 Utinam
930 1439 1096 1478 tamen
1146 1430 1337 1479 firmius
1365 1448 1473 1480 eam
1501 1441 1584 1481 te·

214 1510 434 1555 nuissent
457 1508 893 1570 Carthaginienses,
967 1508 1118 1567 Quod
1145 1510 1278 1555 enim
1308 1511 1456 1556 modo
1481 1511 1584 1559 hu-

211 1586 289 1631 ius
321 1586 395 1631 rei
426 1584 688 1631 laudabam
708 1585 989 1645 exemplum
1007 1617 1022 1643 ,
1057 1586 1249 1631 serioris
1283 1593 1358 1631 est
1384 1594 1586 1649 tempo-

212 1662 312 1721 ἰ-ἰε,
362 1677 545 1723 eosque
594 1663 728 1708 hune
768 1677 955 1707 morem
1004 1662 1268 1708 retinuisse
1303 1678 1452 1725 quam
1496 1664 1583 1713 diu

211 1738 332 1784 urbs
364 1737 523 1797 stetit,
559 1747 733 1785 auctor
757 1746 829 1784 est
863 1738 1129 1800 Dionysius
1161 1738 1282 1800 (69).

276 1810 467 1875 Religio
492 1830 605 1860 cum
640 1813 786 1859 rebus
813 1814 1042 1862 civilibus
1074 1822 1181 1861 tum
1214 1816 1266 1862 in
1295 1805 1577 1879 Phoenice,

210 1899 319 1939 tum
343 1892 396 1937 in
426 1892 628 1937 coloniis
654 1891 926 1937 arctisfime
954 1891 1220 1937 coniuncta
1257 1892 1409 1939 fuisse
1437 1895 1583 1943 vide-

202 1978 311 2019 ntur.
388 1969 577 2016 Scimus
612 1969 742 2014 enim
776 1969 827 2017 in
848 1967 1014 2032 ‘rebus
1054 1969 1267 2030 publicis
1304 1971 1441 2018 sacra
1466 1974 1582 2035 ple-

210 2062 422 2110 rumque
443 2046 589 2093 fuisse
612 2045 753 2093 facta.
792 2044 928 2104 Quid
944 2047 974 2093 ?-
994 2044 1181 2093 Omnes
1211 2047 1430 2098 colonias
1455 2051 1580 2098 duce

1526 2136 1579 2174 et

735 2263 776 2274 aa·

255 2348 356 2400 (66)
387 2350 512 2390 D1on.
531 2360 613 2391 sxe
640 2344 726 2388 XX.
758 2361 821 2400 14.

253 2410 357 2464 (67)
385 2412 678 2452 Phua-menos.
715 2410 926 2463 Apophteg.
964 2414 1045 2464 Op.
1074 2421 1168 2453 tom.
1198 2415 1262 2462 11,
1290 2426 1377 2466 pag
1413 2428 1499 2472 175.
1527 2420 1575 2460 de

119 2512 125 2519 ,
195 2471 289 2520 ser.
301 2486 390 2513 num
418 2475 521 2514 vs'nd.
551 2484 637 2523 pag.
667 2485 756 2523 552.

253 2533 354 2585 (68)
381 2535 516 2586 Esprit
541 2536 601 2574 des
626 2536 721 2573 loix·
747 2536 796 2576 X.
823 2546 863 2586 5.

252 2595 354 2649 (69)
388 2599 560 2637 momvs.
590 2609 688 2637 uAL.
716 2600 813 2638 Ant.
841 2598 949 2639 Rom.
983 2598 1016 2638 1.
1043 2601 1105 2649 38.

871 2661 911 2705 C
