1787 3205
421 215 531 275 ,DE
558 184 885 273 οοιοιέιιε
918 200 1286 268 VETERUM.
1472 215 1535 261 55

186 375 293 424 fieri
336 375 545 437 nequit,
586 375 680 427 ubi
706 374 857 424 nimis
894 389 1102 436 magnus
1134 372 1317 421 civium
1347 377 1428 426 est
1444 387 1539 418 nu·

181 466 378 510 meru83
419 450 667 514 superflua
706 466 823 514 pars
865 449 965 497 otio
1010 456 1209 511 tempus
1256 448 1402 508 terit,
1449 463 1538 495 re—

177 529 272 578 bus
310 529 372 576 ad
415 525 564 578 vitam
610 528 981 589 sustentandum
1031 526 1316 583 necessariis
1360 533 1495 574 caret
1514 561 1531 587 ,

178 622 259 657 res
286 623 438 657 novas
465 594 668 658 inolitur
683 642 700 669 ,
731 606 926 670 totique
952 605 1138 656 civitati
1165 605 1301 652 ferro
1328 610 1379 650 et
1415 603 1531 667 igno

178 683 453 741 minitatur.
522 683 619 735 His
645 686 809 733 autern
832 683 1023 734 civibus
1049 683 1105 730 in
1134 682 1354 732 colonias
1379 680 1534 728 dedu-

179 760 342 809 cendis
359 795 381 821 ‚1
415 761 600 809 civitas*
634 768 685 811 et
731 761 829 808 suis
868 767 918 809 et
957 760 1249 811 colonorum
1290 758 1535 822 prespicit

177 831 442 882 commodis
474 835 638 898 (116).*
699 834 884 882 Civitas
909 835 1041 883 enim
1064 833 1387 895 superfluenti
1408 834 1533 883 civi-

175 927 263 961 um
286 911 606 967 multitudine
619 945 635 972 ‚
668 911 1076 973 periculofisfima
1103 910 1382 972 infestaque
1410 910 1496 959 illa
1514 944 1529 970 ,

175 986 423 1036 liberatur
437 1020 453 1048 ,
493 980 628 1037 'cives
675 988 858 1035 emittit
872 1022 888 1050 ,
920 988 1009 1050 qui
1050 988 1111 1037 ,in
1155 987 1299 1036 novis
1343 985 1535 1034 sedibus

174 1064 367 1125 patriae
420 1064 685 1111 commodis
726 1071 775 1120 et
824 1065 941 1110 suis‘
974 1063 1164 1126 egregie
1200 1064 1500 1111 inservirent
1515 1097 1530 1123 ‚

178 1138 459 1202 quibusque
488 1139 705 1187 colonias
730 1139 889 1188 tutius
914 1154 1062 1202 quam
1090 1139 1366 1203 peregrinis
1393 1155 1535 1187 com-

172 1217 344 1275 mittit.
401 1217 576 1263 Coloni
606 1224 769 1267 autem
801 1217 855 1263 in
887 1231 1041 1264 novas
1080 1215 1210 1262 sedes
1246 1219 1497 1265 venientes
1513 1251 1528 1277 ,

172 1292 245 1348 ibi
269 1293 561 1353 inveniunt,
601 1294 736 1355 quod
762 1294 818 1339 in
852 1293 1016 1354 patria
1039 1293 1231 1340 frustra
1256 1294 1344 1340 diu
1373 1310 1534 1355 quae-

172 1368 415 1429 liveram,
461 1368 675 1431 fatisque
729 1368 817 1417 fibi
856 1377 1144 1434 comparant
1191 1370 1322 1417 unde
1375 1372 1529 1418 vitam

175 1452 431 1507 qnaerant.
503 1445 608 1491 Nec
647 1446 937 1505 desiderium
968 1447 1119 1506 patrii
1143 1436 1231 1493 toli
1261 1448 1316 1492 in
1344 1463 1532 1509 perpe-

170 1528 318 1570 tuum
343 1521 503 1568 relicti
526 1537 610 1569 eos
634 1522 868 1584 occupat,
891 1538 1004 1570 cum
1033 1529 1225 1569 mutato
1252 1522 1365 1570 licet
1395 1523 1495 1570 solo
1515 1559 1547 1585 ,„
1614 1577 1616 1579 ,

169 1599 318 1645 iidem
360 1606 527 1645 tamen
586 1599 802 1646 eiusdem
854 1600 1044 1660 patriae
1090 1608 1322 1646 maneant
1366 1601 1496 1649 cives
1517 1636 1531 1662 ,

158 1675 342 1725 -iisdem
386 1665 583 1737 legibus
618 1693 676 1723 ac
717 1676 1153 1724 consuetudinibus
1171 1711 1187 1737 ‚
1218 1677 1388 1724 eodem
1426 1679 1531 1725 ser-

171 1768 317 1798 mone
354 1758 582 1809 utentes;
622 1754 827 1813 operoso
859 1761 907 1799 et
939 1754 1053 1815 agili
1093 1755 1221 1800 vitae
1244 1757 1412 1816 generi
1443 1771 1530 1801 as-

155 1830 434 1888 ‘suescunt‚
484 1825 680 1874 boniet
724 1830 915 1889 patriae
949 1837 998 1874 et
1044 1829 1345 1890 fibimetipfis
1384 1831 1532 1878 utiles

171 1904 387 1956 evadunt
418 1904 580 1963 cives,
616 1904 931 1966 tandemque,
964 1905 998 1951 fi
1024 1906 1207 1965 velint,
1234 1907 1284 1952 in
1315 1908 1528 1968 patriam

170 1975 411 2041 redeunt,
463 1980 726 2042 gloriantes
778 1983 824 2028 se
871 1983 924 2027 in
980 1982 1186 2029 coloniis
1247 1984 1530 2047 diligentiae

168 2059 426 2121 reliquisse
479 2058 771 2120 specimina,
817 2059 1107 2120 patriaeque
1154 2063 1343 2122 egregie
1385 2062 1531 2109 fuisse

170 2136 328 2183 saluti.
399 2134 535 2182 Haec
577 2143 743 2182 autem
776 2136 1084 2195 coloniarum
1126 2139 1380 2185 com-moda
1408 2140 1528 2187 Car·

170 2211 549 2279 thagipiepfibus
591 2228 704 2264 cum
746 2212 1078 2262 Phoenicibus
1117 2222 1260 2262 erant
1302 2234 1534 2265 commu-

1433 2298 1529 2343 nia.

221 2419 350 2474 (116)
379 2420 524 2460 Eadem
562 2422 623 2460 illa
651 2412 884 2470 edthmoda,
914 2424 1091 2461 omnibus
1134 2423 1326 2463 eiusmodi
1367 2427 1532 2464 coloniis

171 2484 415 2532 communia,
456 2486 612 2534 agnovit
646 2472 847 2526 Minucius
882 2486 984 2535 apud
1028 2496 1255 2527 mom'swm
1293 2488 1389 2527 Ant.
1423 2488 1531 2529 Rom.
1689 2524 1723 2528 ἡ

169 2543 265 2583 VH.
296 2545 361 2586 28.

814 2593 930 2656 Ds
