1787 3205
176 211 242 259 50
434 212 531 261 DE
569 209 898 260 COLONIIS
925 210 1308 267 'VETERUM.
1342 177 1344 179 '

177 378 476 432 perpetuum
504 371 658 418 fuerit
677 406 692 431 ‚
728 374 935 434 quinam
969 374 1075 420 eius
1109 374 1259 437 socii,
1288 384 1339 423 et
1367 375 1454 439 qui·
1480 376 1555 422 illi

180 447 293 494 lecti
338 446 545 496 fuerint.
619 448 854 496 Senatum
899 450 1240 500 convocabant
1284 465 1420 515 reges
1460 453 1558 503 five

184 523 436 589 SuffbteS,
465 529 609 589 eique
648 535 916 588 praeerant
941 528 1063 590 (54).
1134 528 1279 577 Patet
1309 532 1463 594 igitur
1497 543 1558 577 ex

181 604 358 665 paucis
391 605 492 650 illis
525 605 796 666 generatim
834 606 1105 666 propofitis
1124 639 1139 666 ‚
1173 608 1439 655 maximam
1473 609 1560 655 in—

182 687 263 727 ter
316 681 616 744 Phoenicen*
654 682 862 743 eiusque
907 681 1125 729 colonias
1174 681 1322 730 fuisse
1372 700 1561 733 conve-—

181 759 421 806 nientiam
448 760 661 809 civitatis
689 759 878 806 formae
925 760 972 822 (5
977 760 1044 824 5).
1116 759 1215 807 Sed
1234 762 1490 809 ulterius
1474 778 1562 808 m-

102 874 106 876 »
185 837 477 899 quir-amm,
525 845 770 900 quatenus
810 837 1030 886 coloniae
1059 838 1122 885 ad
1144 840 1440 903 metropolis
1466 853 1561 888 ex·-

180 910 402 978 emplum
434 914 624 962 fuerint
654 914 940 963 instructae.
1005 918 1007 920 ’

234 993 548 1041 Civitatibus
593 992 870 1039 Phoenices
908 993 1187 1040 communis
1231 1001 1338 1041 erat
1369 994 1557 1057 religio.

191 1066 381 1118 Omnes
409 1072 604 1118 eosdem
622 1069 759 1116 Deos
776 1103 791 1131 ,
820 1071 872 1116 in
899 1072 1074 1132 primis
1102 1079 1268 1118 autem
1295 1072 1564 1118 Herculem

187 1148 586 1206 venerabantur3
631 1162 758 1209 quae
798 1149 1079 1195 communis
1123 1149 1296 1212 religio
1342 1149 1564 1209 foederi,

190 1227 326 1290 quod
371 1227 505 1273 inter
548 1224 659 1272 illas
701 1225 913 1272 civitatis
951 1225 1075 1285 fuit,
1127 1226 1343 1273 multum
1380 1227 1568 1288 prode—

191 1311 288 1350 rat.
371 1303 539 1350 Huius
587 1303 687 1349 Dei
736 1302 981 1363 templum
1020 1302 1318 1364 primarium
1359 1309 1466 1349 erat
1497 1303 1568 1361 ¹in

155 1416 163 1422 s
189 1381 316 1429 urbe
356 1380 529 1443 Tyro,
563 1387 612 1426 et
645 1378 893 1425 Herodoti
928 1386 1154 1441 tempore
1193 1379 1354 1425 adhuc
1390 1379 1569 1441 super-

189 1465 301 1506 erat
353 1457 481 1521 (56).
564 1457 712 1504 Unde
750 1457 866 1503 huic
906 1455 1017 1502 Deo
1070 1455 1232 1518 Tyrii
1275 1472 1566 1519 cognomen.

190 1537 293 1585 Hic
325 1543 400 1584 est
425 1537 509 1584 ille
522 1535 766 1583 Hercules
784 1569 798 1595 ,
830 1533 913 1581 cui
929 1569 945 1595 ‚
976 1541 1031 1580 ut
1052 1533 1150 1580 iam
1175 1535 1382 1595 monui,
1402 1533 1570 1581 Phoe-

189 1617 328 1663 nices
360 1630 559 1663 omnem
587 1620 895 1673 mercaturae
922 1619 973 1657 et
998 1612 1328 1673 navigationis
1361 1611 1567 1674 gloriam

191 1692 516 1751 tribuebant,
564 1692 806 1751 cuiusque
849 1690 1015 1736 cultus
1058 1689 1315 1736 inomnes
1350 1689 1568 1736 colonias

196 1769 616 1818 introducebatur
631 1802 645 1828 ,
661 1783 764 1814 non
781 1774 977 1813 tantum
995 1764 1056 1811 ab
1073 1766 1187 1827 ipfis
1201 1766 1534 1813 Phoenicibus
1549 1799 1566 1827 ,

196 1849 277 1896 sed
308 1849 454 1895 etiam
487 1846 550 1893 ab
584 1846 699 1892 eius
738 1844 944 1891 coloniis
961 1876 978 1904 ,·
1014 1859 1139 1906 quae
1172 1844 1404 1905 deinceps
1436 1844 1570 1906 ipsae

199 1926 416 1973 colonias
448 1923 792 1986 condiderunt.
863 1920 999 1967 Hinc
1032 1920 1287 1968 Diodorus
1319 1936 1436 1968 eum
1469 1936 1571 1982 >ap·-

1391 2030 1395 2035 ,
1442 2024 1453 2038 r
1480 1998 1569 2044 Ja-

253 2250 357 2305 (54)
398 2250 662 2290 Hebraeorum
707 2245 940 2300 Scophetr'm‚
967 2258 1070 2299 quos
1106 2246 1277 2288 Romani
1313 2247 1481 2299 Confines
1519 2248 1578 2287 di

201 2326 311 2356 cunt.
367 2315 529 2353 Livius,
558 2310 686 2350 XXX.
711 2324 751 2362 7.
808 2312 950 2351 ConN.
990 2323 1136 2352 Nepos.
1172 2315 1214 2351 in
1252 2312 1432 2360 Hannib.
1467 2322 1507 2351 c
1530 2321 1573 2362 7.

202 2378 356 2417 Fesrus
386 2377 421 2413 in
449 2374 499 2412 V.
519 2371 642 2427 suffer.
1450 2384 1459 2395 ·

257 2437 358 2488 (55)
405 2437 571 2484 Egregie
598 2435 672 2475 hac
710 2434 760 2480 de
797 2443 838 2474 re
878 2434 975 2473 dixit
1008 2444 1241 2475 immamus
1276 2432 1413 2484 (Idee‘n
1448 2433 1485 2476 1.
1525 2448 1575 2484 2,

202 2508 289 2551 pag.
324 2508 369 2547 ¹7
398 2497 506 2549 seq.)
533 2508 685 2548 „wenn
712 2508 800 2537 man
827 2496 891 2534 die
918 2495 1187 2536 Brucssucke’'
1215 2502 1300 2538 etei

256 2560 357 2611 (56)
389 2560 551 2601 Hermo.
583 2559 634 2598 11.
661 2571 727 2609 44.
