1787 3205
206 216 286 282 ,42
480 212 593 261 DE«.
612 210 955 260 COLONHS
974 205 1345 264 VETERUM.

216 372 353 434 libus
390 378 706 434 perpetrata,
764 379 824 420 ut
873 372 999 420 suae,
1030 373 1380 435 ambitioniet
1426 372 1591 424 eonii-

218 448 675 499 liissatisfincerent.
753 450 1062 513 Repetamne
1081 486 1097 512 ‚
1142 453 1327 514 quibus
1347 454 1591 517 artibus,
1642 448 1655 456 ’

219 536 270 576 et
294 527 490 577 facinor
498 528 612 589 ibus
633 529 1029 591 {impediverintq
1064 546 1209 592 quom
1216 531 1334 583 inus
1349 581 1352 587 ,
1366 533 1595 595 peregri-

218 607 373 654 niin
416 608 676 669 regiones,
722 622 753 652 a
797 607 845 652 se
886 614 1189 667 occupatas,
1218 609 1507 669 “vaenire-nt,
1542 615 1594 662 et

219 692 530 747 quantopere
575 667 678 729 non
722 683 864 729 semel
920 683 973 728 in
1014 683 1163 745 ipsos-
1189 683 1493 745 inquilinos,
1526 687 1593 733 -in

218 762 407 824 primis·
422 761 700 807 insulanum
724 760 1087 807 nonnullarum
1103 761 1395 813 ‘saevierinh
1458 761 1593 821 Quid

218 839 399 901 loquar
418 873 433 899 ‚
468 853 617 900 qnae.
644 853 801 885 nemo.
827 839 1100 885 miraturus
1126 825 1233 901 est,
1282 854 1395 887 cum
1438 839 1593 887 nimi·-

221 927 321 965 um'.
347 924 525 963 notum
574 916 657 975 fit,
707 932 854 977 quam
893 917 1192 962 recentiores
1234 916 1414 977 etiam,
1462 933 1596 980 quo-

221 1010 339 1043 rum
363 1002 526 1041 tamen
554 994 1047 1057 provectioringenii
1074 996 1238 1042 cul-tus
1259 1029 1274 1056 ,
1318 995 1438 1046 haee
1478 996 1596 1043 faci-

220 1089 349 1120 nora
408 1073 504 1119 fint
563 1072 772 1130 imitati,
829 1079 878 1117 et
934 1088 1083 1134 quam
1134 1072 1406 1125 miseranda
1461 1072 1599 1120 infe-

218 1150 392 1200 licium
428 1149 634 1197 illorum
678 1149 940 1210 utriusque
974 1149 1144 1196 Indiae
1184 1150 1429 1212 conditi0,
1476 1151 1596 1214 qui,

223 1236 282 1275 ut
307 1228 475 1275 saevae
497 1228 879 1289 Europaeorum
897 1226 1158 1274 ambitioni
1175 1235 1433 1290 parerent,
1460 1243 1596 1290 egre-

219 1307 301 1369 gio
320 1338 335 1365 ,
383 1305 517 1366 quod
548 1321 577 1350 a
610 1312 793 1351 natura
818 1311 1159 1366 acceperant,
1207 1305 1319 1351 iure
1352 1303 1598 1352 libertatis

220 1382 415 1441 orbati,
436 1415 442 1425 .
467 1381 645 1431 duram
668 1421 671 1424 .
697 1382 880 1427 servire
923 1382 1206 1427 servitutem
1265 1382 1597 1444 cogebantur,

220 1467 274 1509 et
319 1459 593 1506 bestiarum
618 1474 913 1527 ‘rerumque
961 1457 1111 1505 instar
1156 1458 1485 1506 habebantur.
1529 1486 1598 1497 --

223 1537 366 1597 Quin
408 1536 591 1598 potius·
622 1536 878 1593 redeamus
920 1536 983 1581 ad
1028 1535 1330 1596 Phoenices,
1378 1552 1598 1599 quorum

219 1614 443 1678 regionis
473 1613 619 1659 [itum
665 1612 900 1659 obstitisse
942 1613 1211 1673 quominus
1256 1613 1374 1659 talia
1417 1615 1598 1674 seque-

222 1700 436 1750 rentur,
481 1697 628 1735 antea
673 1687 968 1751 fignificavi‚
1005 1696 1054 1735 et
1090 1689 1443 1751 investigemus
1474 1700 1599 1752 quas

220 1770 465 1818 utilitates
483 1801 501 1829 ,
542 1782 784 1829 quaeque
802 1766 1058 1813 commoda
1091 1782 1153 1813 ex
1181 1767 1386 1813 coloniis
1420 1772 1599 1829 peree-

221 1847 408 1910 perint.

290 1923 566 1984 Pleraeque
594 1919 817 1989 regiones
836 1956 851 1981 ,
883 1922 937 1967 in
966 1920 1148 1983 quibus
1178 1921 1397 1969 colonias
1429 1921 1598 1970 Phoe-

224 2001 362 2050 nices
423 2000 783 2059 condiderunt,
834 2006 943 2045 tum
992 1997 1277 2058 fertilitate,
1336 2008 1445 2046 tum
1503 2001 1598 2047 fitu

224 2080 313 2127 suo
346 2078 408 2125 iis
432 2077 675 2124 maximae
699 2082 843 2122 erant
885 2075 1105 2122 utilitati.
1175 2074 1278 2138 Age
1313 2077 1476 2138 primo
1519 2078 1602 2124 lo-

220 2173 283 2204 co
329 2156 585 2204 videamus
639 2154 887 2215 quomodo
933 2153 1190 2199 fertilitate
1233 2155 1319 2200 sua
1374 2154 1601 2202 Phoeni-

223 2232 366 2281 cibus
421 2231 723 2294 profuerint.
812 2229 990 2278 Obiter
1025 2239 1191 2278 autem
1234 2248 1442 2294 moneo,
1495 2250 1599 2280 non

223 2311 353 2360 mihi
400 2310 625 2356 animum
670 2308 771 2353 esse
811 2307 1021 2370 singulas
1076 2326 1248 2356 omnes
1271 2326 1601 2371 ·memorare,

226 2389 359 2451 quod
383 2387 528 2435 nimis
555 2385 686 2433 foret
709 2385 911 2447 longum
928 2420 942 2446 ,
972 2387 1048 2433 sed
1073 2394 1130 2434 ut
1158 2387 1272 2434 satis
1298 2388 1358 2434 de
1383 2387 1602 2434 utilitate

225 2466 609 2513 Phoeniciarum
653 2464 961 2511 coloniarum
1003 2472 1199 2527 pateat,
1225 2464 1604 2529 de⁴”praecipuis

227 2559 400 2592 earum
448 2559 526 2590 me
566 2543 669 2590 esse
726 2542 1032 2589 locuturum.

1501 2623 1606 2684 Cy-
