1787 3205
222 208 286 267 28
469 207 569 256 DE
613 205 940 255 cOLoan
972 203 1345 259 varmum.

227 370 400 427 pterea
414 398 431 425 ,
463 366 596 426 quod
625 365 775 413 Sidon
794 366 935 429 Tyro
959 372 1067 413 erat
1092 366 1346 429 antiquior
1361 400 1376 428 ,
1401 373 1452 414 et
1473 365 1592 414 haec

222 440 357 487 illius
401 450 509 488 erat
556 443 765 492 colonia.
801 469 866 481 -—
902 444 1150 505 Tempore
1189 430 1337 491 etiam
1372 442 1596 491 Alexan-

222 517 332 579 dri,
364 534 503 582 reges
531 520 853 573 in,Phoenice
878 520 1130 583 regnasse,
1158 535 1221 566 ex
1242 516 1460 567 Arriano
1486 520 1597 568 col-

222 594 406 656 ligitur.
437 598 559 659 (47).
629 598 828 644 Horum
867 605 1032 659 tamen
1077 597 1340 658 imperium
1368 598 1596 645 illimita-

224 678 337 720 tum
378 689 481 720 non
513 674 639 735 fuit,
685 681 1027 721 memorantur
1069 674 1204 720 enim
1244 674 1592 736 magistratus,

222 750 314 811 qui
346 765 459 810 cum
490 750 689 813 regibus
729 752 789 797 de
821 751 969 798 rebus
997 751 1201 797 maioris
1231 751 1470 809 momenti
1504 751 1595 796 de-

221 825 503 874 liberabant
527 829 665 891 (48);
698 843 824 891 quae
866 828 901 875 fi
947 845 1051 875 non
1092 827 1154 874 ad
1189 844 1340 875 unam
1374 827 1594 889 aliquam

222 902 399 950 urbem
417 939 433 964 ‚
476 906 555 952 sed
596 906 657 952 ad
705 905 877 967 plures
928 906 1235 966 pertinerent
1254 940 1269 967 ,
1318 911 1377 952 ut
1424 904 1485 952 de
1532 904 1594 951 iis

224 981 429 1028 confilia
456 992 787 1045 caperentur,
814 983 1021 1029 Senatus
1051 982 1353 1046 lingularum
1389 981 1592 1030 urbium

228 1056 467 1120 Tripolin
490 1058 596 1106 fere
617 1059 979 1106 conveniebant
1003 1058 1126 1121 (49).
1183 1060 1319 1107 Adeo
1342 1065 1401 1105 ut
1426 1058 1595 1105 Phoe-

222 1135 335 1181 nice
363 1137 567 1182 nomine
595 1137 773 1197 regiae
792 1170 807 1195 ,
838 1152 894 1182 re
921 1136 1114 1185 liberae
1143 1136 1459 1197 reipublicae
1484 1135 1595 1181 for-

220 1226 353 1258 mam
385 1212 552 1274 potius
591 1212 815 1260 habuisse
853 1213 1111 1260 videatur:
1163 1212 1296 1274 quod
1338 1218 1595 1273 praeterea

220 1289 313 1337 nifi
344 1289 543 1335 aliunde
570 1289 836 1350 sciremus,
880 1289 984 1352 ipsa
1017 1290 1088 1335 rei
1120 1289 1248 1335 ratio
1290 1287 1402 1335 satis
1440 1288 1594 1334 ‹loce-

222 1373 300 1413 ret
315 1383 330 1425 3
357 1382 457 1412 non
487 1367 621 1412 enim
642 1400 658 1427 ‚
690 1367 767 1413 uti
793 1374 926 1413 recte
950 1374 1118 1413 monet
1143 1365 1425 1412 Heerenius
1454 1366 1557 1429 (50)
1574 1399 1590 1425 ,

222 1443 275 1490 in
305 1445 505 1491 civitate
529 1452 810 1491 mercatura
837 1451 886 1491 et
911 1444 1220 1505 navigatione
1251 1443 1594 1489 tantummodo

218 1521 432 1569 florente
480 1522 792 1584 despoticum
832 1522 1098 1584 imperium
1142 1536 1236 1584 per
1271 1521 1467 1584 longam
1512 1522 1592 1567 se-

216 1600 451 1647 culorum
482 1600 649 1646 seriem
679 1600 843 1662 vigere
870 1588 1127 1661 potuisset.

288 1677 363 1724 Ut
381 1677 656 1723 Phoenices
671 1711 686 1738 ‚
713 1677 785 1723 ita
811 1678 1053 1739 cuiusque
1086 1677 1307 1724 coloniae
1336 1676 1592 1740 fingularis

214 1754 317 1802 fuit
345 1754 520 1802 civitas
536 1788 552 1814 ,
579 1754 714 1800 suam
740 1753 923 1800 habens
948 1754 1160 1800 civitatis
1189 1753 1398 1801 formam
1416 1789 1431 1812 ‚
1465 1770 1592 1816 quae

216 1832 321 1879 fere
346 1837 454 1877 erat
484 1830 785 1893 reipublicae
806 1829 1017 1892 liberae,
1058 1830 1136 1879 vel
1171 1830 1339 1878 saltem
1378 1830 1440 1877 ad
1482 1846 1590 1878 eam

215 1910 446 1971 proxime
478 1909 726 1954 accessisse
773 1908 987 1955 videtur.
1032 1934 1086 1942 —
1138 1907 1357 1968 Propter
1402 1924 1592 1955 monu-

215 1993 502 2035 mentorum
546 1985 767 2048 inopiam
818 1984 1006 2033 frustra
1047 1985 1316 2035 tentaveris
1364 1993 1592 2033 accurate

213 2064 580 2123 determinare,
628 2079 872 2125 quaenam
926 2064 1169 2126 cuiusque
1218 2079 1390 2111 earum
1436 2063 1591 2111 fuerit

1504 2157 1590 2189 ra-

264 2305 376 2359 (47)
406 2303 509 2345 Vide
540 2316 643 2344 eum.
671 2306 700 2347 1.
719 2306 748 2343 Ι.

257 2368 371 2420 (48)
399 2359 444 2408 ὃι
471 2364 518 2409 ἒν
541 2363 655 2407 τέλει
679 2375 884 2405 nmmo.
914 2363 998 2414 (Π.
1031 2375 1075 2416 15
1106 2374 1144 2404 et
1170 2365 1257 2417 24.)
1285 2365 1484 2404 dicuntur.

264 2434 368 2486 (49)
399 2436 526 2473 D1on.
554 2442 632 2471 s1c.
662 2431 773 2472 XVI.
801 2441 869 2481 4¹·

264 2495 367 2549 (50)
395 2494 506 2534 ldeen
545 2503 625 2534 etc.
654 2494 713 2532 th.
741 2494 783 2539 Ι,
813 2493 918 2532 abtb.
960 2491 1029 2539 11,
1063 2503 1150 2543 pag,
1185 2502 1250 2533 21,
1304 2491 1374 2532 Cf,
1411 2500 1597 2533 MONTH.

214 2568 446 2612 Qumvxus,
475 2555 611 2608 Esprit
636 2556 695 2596 des
723 2557 815 2595 loix.
844 2553 959 2593 X111.
991 2564 1047 2605 ¹4·
