1787 3205
227 257 290 290 20
476 242 574 290 DE
609 239 940 306 coLoan
974 240 1346 320 varmum,

272 441 278 443 <
306 400 538 449 Coloniae
575 400 1044 466 Cartheginienfium
1073 418 1176 449 non
1206 418 1269 450 ex
1304 401 1457 464 ipfius
1477 400 1608 449 Car-⁴

229 479 442 542 thaginis
484 479 676 529 civibus
721 480 1014 543 compofitae
1056 487 1229 540 eraut,
1261 480 1447 528 nifiex
1471 494 1604 541 pau-

227 556 535 619 perioribus.
614 556 685 604 Hi
734 571 853 606 vero
898 563 1001 604 non
1042 572 1100 603 eo
1145 556 1345 604 confilio
1390 557 1603 620 patriam

227 633 607 696 relinquebant,
648 640 706 679 ut
727 634 783 679 in
823 634 967 681 novis
1002 631 1193 679 sedibus
1233 641 1478 694 perpetuo
1510 634 1605 680 ha-

225 710 443 758 bitarent
461 744 476 770 ,
504 711 583 757 sed
612 717 671 756 ut
700 710 873 769 brevi,
900 710 963 756 ad
989 709 1178 756 victum
1203 710 1318 756 fatis
1346 709 1434 755 fibi
1460 726 1602 756 com-
1646 712 1648 714 ’

224 795 463 851 pararent
493 787 616 852 (54).
690 788 751 835 In
780 787 984 850 Periplo
1009 796 1173 836 autem
1209 786 1477 834 Hannonis
1519 786 1603 833 di-

225 864 352 911 serte
382 865 593 927 legimus
616 900 632 927 ,
674 867 827 913 hunc·
851 865 1038 912 iussum
1078 865 1228 912 fuisse
1275 872 1418 911 extra
1464 863 1604 911 Her-

225 941 356 989 culis
410 942 667 989 columnas
723 942 986 1005 navigare,
1031 949 1082 989 et
1122 941 1339 988 colonias
1389 957 1452 988 ex
1494 941 1601 988 Li-

224 1018 660 1082 by-Phoenicibus
690 1020 916 1068 condere.
988 1019 1101 1066 Hoc
1118 1026 1296 1072 ¹tamen
1327 1019 1603 1082 antiquita-

224 1097 288 1144 tis
317 1104 694 1145 monumentum
739 1113 830 1144 nos
867 1113 970 1143 non
1001 1096 1201 1157 docuit,
1235 1112 1388 1159 quare
1414 1112 1475 1143 ex
1504 1096 1603 1144 Li-

223 1172 683 1236 by-Phoenicibus
726 1173 816 1219 hae
859 1173 1081 1219 coloniae
1119 1170 1311 1220 fuerint
1353 1173 1601 1236 compofi-

220 1258 335 1308 tae3
384 1266 506 1296 num
539 1257 599 1296 ut
632 1250 685 1296 in
718 1249 862 1296 novis
893 1249 1085 1296 sedibus
1112 1251 1418 1313 agricultura
1448 1251 1597 1299 etiam

220 1327 498 1386 coleretur,
540 1341 606 1371 an
640 1341 757 1373 vero
784 1308 993 1387 profiter
1026 1327 1145 1373 alias
1173 1327 1406 1373 ratione-⁸3.
1436 1384 1440 1388 ἡ

286 1402 522 1450 Coloniae
570 1402 878 1449 Phoenicum
913 1402 1180 1465 pleraeque
1206 1409 1515 1451 mercaturae
1547 1410 1599 1451 et

217 1466 545 1543 navigationis
591 1480 736 1526 causa
779 1479 989 1526 fuerunt
1028 1481 1283 1542 conditae,
1321 1497 1445 1543 quas
1483 1497 1598 1529 cum

216 1557 507 1621 praesertim
538 1571 632 1617 per
658 1572 796 1602 mare
832 1556 1094 1603 Internum
1126 1564 1441 1619 exercerent,
1477 1558 1598 1621 quid

217 1633 435 1685 cum,rei
462 1641 644 1680 natura
673 1633 822 1695 magis
854 1634 1116 1694 convenit,
1161 1650 1311 1696 quam
1345 1635 1476 1697 quod
1502 1620 1604 1697 per:

217 1711 438 1759 colonias
464 1711 559 1758 sese
586 1711 737 1757 etiam
767 1726 860 1772 per
891 1710 1017 1757 idem
1051 1726 1188 1758 mare
1216 1710 1277 1758 ab
1314 1711 1503 1759 oriente
1532 1711 1596 1759 ad.

216 1789 518 1838 occidentem
572 1789 744 1836 versus
787 1796 1137 1851 propagarent.
1220 1774 1297 1835 Εό
1344 1790 1598 1851 pertinent

216 1867 416 1925 omnia,
467 1881 595 1928 quae
629 1865 689 1911 de
726 1864 962 1911 Herculis
1004 1865 1151 1927 Tyrii
1187 1881 1283 1927 per
1324 1866 1419 1912 hoc
1458 1881 1596 1913 mare

214 1943 476 1991 itineribus
511 1949 809 1989 narrantur.

230 2059 232 2062 ,
283 2020 563 2081 Praecipue
595 2027 759 2066 autem
791 2018 912 2065 haec
936 2017 1116 2065 itinera
1148 2017 1444 2082 Hispaniam
1471 2034 1595 2069 ver-

217 2100 298 2147 sus
325 2098 749 2161 suscipiebantur,
769 2113 883 2145 cum
906 2096 1026 2144 haec
1041 2097 1307 2145 maximam
1323 2097 1595 2146 Phoenici-

1499 2175 1595 2225 bus

216 2333 354 2373 deinde
382 2334 632 2373 vehementer
660 2341 794 2379 gentes
830 2331 1053 2382 Europaeas
1084 2333 1353 2381 reprehendit.
1376 2334 1484 2384 quod
1507 2334 1592 2372 infi-

217 2406 369 2434 morum
394 2395 595 2433 hominum
625 2394 797 2432 colluvie
817 2393 993 2432 colonias
1016 2395 1266 2443 repleverint.
1305 2393 1442 2446 Quod
1465 2404 1590 2435 tamen

218 2468 309 2497 num
338 2457 410 2495 illis
445 2457 589 2505 magis,
624 2466 741 2506 quam
774 2452 889 2505 ipfius
913 2455 967 2494 rei
988 2456 1151 2505 rationi,
1178 2455 1424 2496 tribuendum
1444 2455 1589 2507 fuerit,

218 2518 398 2568 equidem
424 2518 678 2557 determinare
706 2528 784 2556 non
811 2517 943 2555 aussm.

267 2578 372 2633 (34)
402 2580 704 2622 Amsrornnsss.
740 2580 856 2620 Polit.
891 2579 961 2619 lV.
988 2589 1030 2630 5.
