1787 3205
391 265 491 318 DE
524 261 853 314 coLoan
887 258 1257 314 VETERUM.
1449 259 1513 322 75

117 446 119 450 ⁴
157 444 187 477 υ
207 432 365 474 ratam
395 425 550 474 cinxit
583 422 835 489 (Graecia)
876 420 1089 472 urbibus
1104 454 1127 484 ‹,
1164 435 1274 468 -non
1307 424 1368 466 ut
1393 426 1514 464 mu-

156 521 186 553 »
207 503 362 551 uitam
389 503 598 552 coloniis
617 503 763 551 'illam
801 507 1033 564 augeret,
1074 498 1154 546 sed
1176 505 1244 545 -ut
1273 494 1511 544 obsessam

154 598 183 630 1)
203 582 428 630 teneret''
472 584 627 647 (159).
707 578 788 628 Ab
844 580 939 627 hoc
994 576 1299 625 coloniarum
1336 588 1516 639 genere

153 675 260 707 non
303 659 519 708 multum
536 659 782 707 >differunt
808 656 1033 705 coloniae
1047 689 1064 717 ,
1111 669 1325 718 quarum
1355 654 1515 700 dedu-

155 736 423 785 cendarum
486 736 738 784 confilium
791 732 1173 782 Atheniensibus
1230 732 1287 778 in
1338 730 1514 794 primis

150 814 298 862 fuisse
315 847 332 875 ,
375 815 446 861 ait
483 813 752 873 Isocrates„
789 819 856 859 ut
893 810 1106 857 Graecia.
1143 809 1297 877 magis
1327 809 1514 872 magis-

154 906 252 953 que
277 887 661 952 amplificaretur
690 887 844 950 (160).
913 886 1063 933 Tales
1093 893 1260 943 autem
1290 886 1513 933 coloniae

149 967 218 1013 ad.
240 965 521 1027 posteriora
548 964 760 1012 maxime
784 970 1041 1025 tempora,
1082 978 1211 1025 quae
1237 961 1365 1008 bella
1385 963 1516 1009 Per—

51 1041 62 1045 ”’
149 1041 247 1089 fica
273 1040 440 1087 secuta
471 1040 589 1087 sunt
603 1072 621 1100 ,
662 1039 941 1102 pertinent,
956 1054 1087 1085 voum
1116 1038 1300 1085 Graeci
1328 1053 1420 1101 per
1446 1039 1515 1085 il-

151 1118 203 1166 lu
232 1107 365 1165 bella
382 1152 399 1179 ‚
441 1118 552 1165 suas
591 1116 695 1179 ipfi-
711 1118 841 1166 vires
863 1131 1098 1177 noscere,
1122 1117 1283 1178 iisque
1305 1131 1400 1179 pro
1423 1116 1510 1164 suo

61 1190 63 1192 ’
155 1194 410 1243 commodo
432 1194 514 1242 uti
538 1193 834 1242 dedicerant.

196 1272 479 1320 ‘Peculiare
503 1273 654 1319 etiam
681 1272 937 1319 confilium
961 1272 1180 1319 coloniae
1207 1272 1516 1319 deducendae

156 1350 365 1399 Graecis
392 1349 491 1396 suit
505 1383 522 1410 ‚
549 1356 609 1396 ut
631 1349 741 1396 suas
765 1349 919 1411 iplius
943 1349 1156 1397 colonias
1180 1357 1327 1397 antea
1355 1350 1515 1397 emis-

148 1429 224 1474 sas
240 1461 256 1488 ‚
298 1426 499 1475 vincula
531 1433 695 1473 autem
711 1460 727 1486 ,
754 1441 881 1489 quae
907 1427 1038 1472 inter
1065 1442 1146 1473 eas
1173 1435 1223 1474 et
1249 1435 1511 1489 metropo-

149 1505 220 1552 les
243 1502 523 1551 obtinerent
539 1537 556 1563 ,
580 1510 869 1565 rumpentes
884 1536 900 1564 ,
922 1503 976 1550 in
1007 1503 1168 1552 officio
1208 1505 1507 1556 retinerent.

150 1580 457 1629 Huiusmodi
499 1580 720 1627 coloniae
761 1581 1044 1642 exemplum
1084 1581 1230 1628 affert
1277 1580 1507 1629 Herodo-

148 1667 236 1706 -tus
253 1691 271 1720 ,
318 1674 444 1721 quae
482 1658 649 1721 prima
683 1659 833 1705 huius
873 1658 1065 1720 generis
1108 1658 1258 1707 fuisse
1298 1660 1509 1710 videtur.

152 1736 284 1784 Cum
315 1736 449 1783 enim
476 1735 812 1783 Chalcidenses
842 1735 1118 1797 Cleomeni,
1143 1736 1328 1784 bellum
1352 1736 1512 1785 Athe-

147 1812 405 1862 nienfibus
435 1811 669 1859 inferenti
686 1846 702 1874 ,
742 1814 982 1860 auxilium
1012 1814 1239 1860 tulissent
1254 1848 1271 1875 ,
1297 1815 1349 1861 hi
1366 1815 1511 1863 dein-

143 1907 268 1954 ceps
295 1891 350 1937 in
381 1889 634 1937 Euboeam
658 1896 935 1950 venerunt,
961 1890 1111 1935 huius
1138 1891 1212 1936 rei
1241 1892 1508 1941 vindictam

152 1969 364 2018 fumturi
383 2002 399 2029 ‚
430 1976 582 2030 utque
606 1966 926 2028 impedirent,
959 1982 1021 2012 ne
1045 1967 1166 2027 quid
1195 1967 1270 2013 illi
1300 1969 1356 2015 in
1384 1986 1509 2032 poss-

151 2054 316 2095 terum
348 2044 465 2092 mali
494 2043 790 2090 molirentur
807 2075 823 2103 ‚
851 2048 1026 2104 quater
1052 2042 1192 2090 mille
1217 2043 1271 2091 in
1304 2045 1508 2096 Euboea

154 2124 472 2189 reliquerunt
503 2121 703 2184 colonos
738 2120 891 2183 (161).

219 2189 477 2248 Bellorum
502 2198 602 2247 fata
625 2198 897 2261 saepisfime
923 2198 977 2244 in
1011 2199 1153 2245 causa
1181 2198 1391 2250 fuerunt
1408 2238 1424 2266 ‚
1451 2210 1509 2251 ut

1434 2286 1517 2328 to-

205 2481 334 2535 (159)
361 2482 526 2522 emano
549 2488 619 2530 pro
646 2479 788 2521 Flacco.
817 2491 855 2519 c.
882 2491 946 2530 27.

208 2544 337 2596 (160)
366 2544 591 2588 lsocaffls
620 2542 761 2592 Paneg.
787 2552 824 2581 c.
851 2552 892 2590 9.

194 2604 335 2660 (161)
368 2606 534 2647 Hauon.
560 2604 610 2643 V.
639 2614 703 2656 77.
815 2665 859 2711 E
894 2668 922 2711 5
