1787 3205
268 205 270 207 ·
285 212 306 243 1
321 197 380 245 14
532 195 631 245 DE
665 189 990 253 cohoN-ns
1008 194 1397 248 'VE'OERUM-

293 353 526 406 o'btulisse
563 354 680 406 κατὰ
719 353 774 406 τὸ
817 359 1043 421 ξυγγενές,
1082 362 1133 405 et
1172 357 1306 418 banc
1345 355 1558 408 vicissim
1588 356 1659 405 il-

204 504 205 507 *
289 436 397 483 lum
444 434 717 498 accepisse,
754 433 831 485 διὰ
861 438 1110 501 ξυγγενείαν
1126 434 1149 477 ⁴?
1202 433 1371 499 Atque
1391 470 1408 498 ,
1442 435 1572 499 quod
1597 435 1660 483 ad

290 511 484 560 tributa
526 512 705 562 attinet
723 544 739 572 ,
780 527 841 558 ea
876 527 982 559 non
998 547 1005 556 2
1020 511 1083 558 ab
1130 512 1274 566 initio
1314 513 1533 561 colonias
1554 527 1661 575 'pe-

289 589 543 654 pendisle,
587 589 667 636 sed
712 588 971 652 deinceps,
1021 588 1254 638 Aristidis
1284 591 1496 640 maxime
1525 596 1658 639 tem·-

293 666 503 730 poribus
530 699 548 727 ,
609 664 833 723 instituta
889 665 989 712 esse
1003 698 1019 726 ,
1078 665 1140 713 exi
1187 661 1394 715 historia
1454 667 1658 716 constat.

295 742 608 806 Metropoles
640 758 759 792 vero
792 742 1024 806 deinceps
1067 743 1160 791 hac
1192 744 1504 793 concesfione
1529 744 1662 792 abm-

293 822 366 869 fas
382 854 399 883 ‚
426 820 629 884 plenam
652 820 709 868 in
737 819 958 868 colonias
986 820 1378 870 dominationem
1408 822 1662 869 exercuis-

291 899 373 965 se,
411 900 509 947 alia
552 914 632 947 res
663 905 768 959 est,
809 899 1090 962 multasque
1128 898 1299 947 abiis
1344 898 1566 953 saevitias
1591 906 1660 947 et

209 1038 212 1041 ᾖ
261 983 267 992 “
292 978 505 1025 iniurias
537 976 815 1023 commissas
845 977 946 1024 esse
960 1010 977 1036 ‚
1019 977 1189 1039 negari
1220 977 1415 1040 quidem
1449 977 1659 1040 neq-uit·
1642 1010 1660 1036 ,

290 1062 513 1104 attamen
555 1070 668 1113 cum
712 1054 1011 1116 metropoles
1046 1053 1192 1101 semel
1222 1054 1440 1116 aliquam
1487 1054 1540 1101 in
1569 1070 1659 1101 co·-

298 1119 457 1179 Ionias
518 1137 810 1194 potestatem
829 1162 846 1191 ,
895 1129 1014 1193 ipfis
1059 1130 1157 1177 illis
1205 1118 1661 1194 consentientibus,

295 1210 624 1272 accepissent,
652 1224 734 1255 eas
758 1195 886 1276 hanc
910 1214 1203 1269 potestatem
1220 1208 1395 1271 magis
1407 1209 1664 1280 magisque

293 1302 473 1351 augere
505 1293 706 1333 conatas
731 1285 833 1332 esse
849 1318 876 1346 „
898 1288 963 1331 et
989 1284 1217 1345 deinceps
1243 1287 1318 1333 ,eo
1348 1285 1662 1347 pervenisse,

295 1372 356 1412 ut
412 1364 613 1426 plenam
659 1363 715 1409 in
762 1361 978 1409 colonias
1028 1368 1317 1409 exercerent
1364 1362 1664 1421 dominatio·-

293 1446 439 1501 ιιοιιιλ,
470 1448 521 1487 et
550 1441 640 1487 has
681 1439 879 1485 tandem
918 1437 1007 1486 fibi
1048 1439 1210 1501 plane.
1230 1438 1470 1489 subiectas
1505 1438 1664 1486 habe-

293 1526 441 1577 rent,
485 1518 606 1578 quid
645 1523 695 1562 et
718 1516 919 1577 populis
944 1516 1210 1577 imperium
1234 1517 1386 1578 magis
1410 1516 1664 1578 magisque

298 1608 593 1658 propagare.
624 1591 927 1640 studentibus
945 1626 961 1653 ‚
1003 1594 1199 1655 totique
1226 1609 1490 1655 aegrorum
1511 1608 1665 1641 :mor-

296 1672 474 1720 talium
502 1670 701 1735 generi,
730 1669 1100 1732 quamplurima
1126 1668 1214 1716 fibi
1244 1684 1665 1731 comparare÷me.-

295 1749 515 1810 ditanti,
565 1746 720 1809 magis
768 1761 1045 1809 congruens
1092 1751 1142 1792 et
1186 1747 1483 1794 conveniens
1511 1762 1665 1794 exco-

292 1826 441 1889 gitari
482 1822 713 1887 potest?
761 1821 876 1869 Hoc
930 1822 1070 1869 docet
1123 1827 1176 1869 et
1232 1821 1340 1885 ipsa
1382 1823 1659 1873 hominum

295 1910 479 1950 natura
492 1936 508 1963 ‚
542 1908 593 1948 et
620 1899 857 1964 gentium
872 1906 1120 1982 quotquot
1145 1900 1353 1950 fuerunt
1374 1917 1471 1966 per
1490 1901 1659 1951 omnia

292 1978 482 2027 saecula
514 1977 736 2026 historia.

927 2131 1034 2194 §4-

377 2289 461 2336 De
498 2285 847 2345 utilitatibus,
883 2302 1013 2348 quas
1053 2284 1247 2333 Graeci
1277 2302 1339 2333 ex
1371 2288 1585 2334 coloniis
1672 2312 1675 2313 ⁷

799 2369 1169 2425 perceperunt.

368 2517 418 2564 Si
464 2518 732 2581 cogitemus
751 2552 766 2579 ,
814 2515 997 2580 quibus
1040 2515 1249 2565 confiliis
1292 2514 1472 2566 Graeci
1505 2519 1657 2569 variis

1528 2604 1659 2645 tem·-
