1787 3205
478 222 577 271 nr:
605 222 942 276 commis
961 226 1339 281 «VETERUM.
1528 237 1593 302 57

365 565 722 630 CAPUT
795 572 1437 631 SECUNDUM.

448 780 525 816 DE
572 779 970 819 Gali-Boanum
1018 782 1342 816 00LON118.

205 1296 279 1368 Si
310 1333 485 1367 verum
525 1324 629 1378 est,
678 1317 811 1379 quod
839 1332 984 1363 nemo
1018 1317 1297 1379 negaverit,
1343 1315 1473 1378 leges
1511 1323 1562 1363 et

198 1395 449 1456 instituta,
516 1395 553 1442 fi
611 1395 740 1441 bona
803 1394 929 1460 fiat,
992 1393 1054 1445 ad
1112 1395 1324 1444 civitatis
1384 1393 1556 1456 splen—

192 1472 362 1519 dorem
403 1480 454 1518 et
493 1472 774 1520 felicitatem
828 1458 1045 1518 multum
1080 1472 1264 1521 ⁴afferre
1280 1506 1294 1531 ,
1342 1471 1415 1518 fin
1462 1488 1554 1519 ve·

191 1564 249 1593 ro
315 1549 445 1595 mala
464 1583 478 1608 ‚
535 1549 673 1595 illius
734 1548 912 1595 ruinae
967 1549 1294 1610 interituique
1361 1547 1554 1609 saepius

190 1624 356 1672 ansam
411 1626 530 1672 dare
547 1659 563 1686 ‚
626 1624 838 1671 Graecia
894 1623 1148 1687 profecto,
1191 1624 1419 1687 exemplo
1462 1626 1548 1672 suo

185 1701 310 1747 illud
353 1702 543 1764 egregie
595 1699 921 1750 conrfimavit.
996 1702 1161 1749 Huius
1205 1703 1341 1749 enim
1390 1703 1547 1764 gentis

187 1778 389 1825 annales
446 1778 695 1826 volventes
714 1812 730 1838 ‚
788 1786 999 1839 quantos
1054 1780 1260 1841 legimus
1314 1779 1544 1826 exstitisse

180 1858 343 1918 viros,
389 1857 476 1919 qui
506 1856 709 1919 ringenio
752 1854 838 1901 suo
882 1862 935 1901 et
971 1856 1247 1904 eruditione
1295 1872 1402 1903 eam
1442 1873 1543 1920 op-

181 1934 314 1980 timis
345 1926 643 1979 isi-struerent
666 1932 853 1993 legibus
880 1939 1037 1994 atque
1062 1933 1293 1980 institutis
1308 1934 1331 1980 ’ἶ
1357 1933 1540 1993 Quan-

178 2018 290 2070 tos,
342 2010 429 2072 qui
482 2007 702 2055 instituta
761 2008 1004 2055 maiorum
1053 2009 1388 2071 sustinerent,
1449 2019 1538 2059 aut

178 2102 274 2148 pro
305 2094 528 2148 tempore
549 2091 826 2144 mutarent,
853 2085 1163 2147 ingeniisque
1189 2088 1538 2134 accommoda·-

177 2172 289 2211 rent
305 2163 329 2210 7
390 2162 591 2222 Quanta
629 2162 703 2209 his
745 2162 1047 2210 incrementa
1092 2162 1297 2212 Graiam
1336 2172 1531 2228 gentem

174 2242 355 2302 cepisse
372 2241 395 2286 ’ἶ
432 2240 522 2285 His
552 2246 716 2285 autem
748 2230 936 2301 legibus
960 2256 1017 2286 ac
1040 2240 1274 2290 institutis
1301 2242 1364 2290 ad
1378 2245 1534 2290 maxi-

174 2334 312 2366 mum
349 2316 592 2364 felicitatis
625 2315 878 2378 fastigium
917 2319 1179 2380 pervenit,
1223 2321 1356 2367 unde
1392 2321 1530 2368 nulla

174 2387 269 2442 alia
297 2397 341 2443 ei
366 2393 528 2442 fimilis
552 2399 640 2439 aut
665 2393 889 2441 secunda.
926 2394 994 2441 At
1024 2411 1143 2442 vero
1160 2430 1175 2457 ,
1208 2395 1436 2458 deinceps
1453 2398 1530 2445 vi-

171 2474 239 2518 ris
259 2507 274 2533 ‚
310 2473 398 2535 qui
416 2472 541 2535 leges
562 2487 618 2517 ac
635 2469 856 2518 instituta
873 2480 1129 2533 curarent,
1160 2471 1526 2535 deficientibus,

169 2564 282 2595 cum
326 2548 534 2596 Graecia
566 2547 800 2610 Solones,
839 2549 1093 2626 Socrates,
1131 2550 1396 2614 Platones,
1448 2553 1525 2599 A·-

791 2626 838 2676 D
878 2627 908 2671 5
1430 2630 1528 2675 ris-
