1787 3205
400 205 498 255 DE
530 203 855 256 coLoan
887 203 1261 255 VETERUM.
1444 208 1508 269 8⁷

146 364 424 415 suetudines
443 401 460 429 ,
504 356 749 415 maiorum
789 362 1012 412 instituta
1030 398 1047 426 ,
1092 364 1364 412 sermonem
1409 379 1506 427 pa-

145 446 299 493 trium
318 479 334 506 ,
379 445 478 492 alia·
490 480 506 508 ‚
539 446 716 494 secum
739 450 999 507 portarent
1040 444 1220 492 coloni.
1288 442 1358 491 At
1384 459 1505 492 vero

145 522 206 568 de
234 522 359 569 iuris
390 523 557 586 aliquo
601 521 806 572 vinculo
834 536 1149 583 nequaquam
1177 520 1275 566 illis
1306 528 1507 582 tempo-

145 597 288 646 ribus.
324 599 524 663 cogitari
565 604 776 662 poterat.
861 597 1010 645 Tales
1065 597 1224 660 igitur
1259 596 1423 643 coloni
1452 599 1505 644 in

145 676 287 724 novis
336 676 614 740 regionibus
651 690 828 724 ¹novus
878 675 1014 737 q'uafi
1057 672 1203 721 fiebat
1223 714 1225 716 .
1247 674 1471 736 populus
1486 707 1503 735 ,

143 767 304 815 penes.
326 769 474 815 quem
503 753 737 814 antiquae
767 751 957 813 patriae
974 785 991 811 ,
1035 750 1109 797 nil
1149 751 1241 797 nifi
1269 751 1505 798 memoria

145 828 446 876 remanebat.
586 881 588 883 ,
1177 840 1180 842 ’

213 903 336 951 Alia*
355 912 518 951 tamen
551 903 647 952 fuit
675 902 1015 965 coloniarum,
1045 903 1148 966 ipsa
1178 903 1375 953 civitate
1408 919 1508 951 au-

141 988 292 1034 ctore<
312 980 631 1046 deductarum
646 1014 684 1041 ‚.
706 980 919 1027 conditio
946 996 1005 1027 ac
1032 980 1180 1029 ratio.
1248 980 1508 1028 Eiusmodi

144 1058 279 1105 enim
322 1065 459 1108 arcta
491 1072 607 1105 cum
646 1057 913 1120 metropoli
951 1055 1217 1105 manebant
1250 1057 1508 1106 devinctae

145 1124 500 1189 necesfitudine
514 1168 530 1195 ,
581 1134 811 1197 idemque
859 1134 1100 1196 populus.
1187 1133 1506 1197 Quamquam

143 1218 306 1258 tamen
327 1244 343 1271 ,
400 1218 459 1257 ut
498 1211 590 1257 hoc
633 1210 793 1256 obiter
832 1225 1057 1256 moneam
1077 1244 1093 1271 ,
1135 1211 1506 1273 antiquioribus

140 1287 291 1334 huius
328 1287 519 1349 generis
557 1286 762 1332 coloniis
798 1302 912 1332 cum
940 1286 1205 1348 metropoli
1233 1287 1508 1334 necesfitu-

141 1363 205 1411 do
235 1378 336 1411 non
364 1370 502 1410 tanta
531 1360 656 1421 fuit,
697 1369 884 1426 quanta
910 1362 971 1409 iis
989 1396 1006 1423 ,
1058 1378 1185 1425 quae
1213 1363 1455 1427 deinceps,
1475 1380 1507 1411 a

141 1440 423 1489 civitatibus
478 1440 713 1488 deductae
765 1441 896 1486 sunt.
978 1440 1125 1486 Ratio
1168 1448 1252 1487 >est
1269 1473 1286 1500 ‚
1336 1442 1471 1502 quod
1488 1476 1503 1501 ,

139 1516 360 1579 antiquis
386 1509 692 1578 temporib'us
717 1515 845 1577 leges
877 1531 935 1562 ac
964 1516 1269 1562 conditiones
1285 1550 1302 1576 ,
1329 1517 1509 1564 secun-

139 1594 258 1639 dum
289 1592 666 1653 quas-coloniae
692 1590 1078 1652 emittebantur,
1123 1599 1213 1638 aut
1240 1592 1407 1639 nullae
1429 1592 1509 1640 fe-

138 1685 225 1731 re,
275 1676 363 1716 aut
401 1669 567 1716 saltem
602 1669 923 1731 imperfectae
969 1668 1176 1716 fuerunt
1191 1704 1206 1729 ,
1248 1676 1297 1716 et
1340 1676 1507 1717 tractu

138 1748 335 1794 demum
365 1745 602 1807 temporis
630 1745 685 1791 in
713 1745 893 1793 melius
923 1745 1235 1807 aliquantum
1278 1746 1505 1794 converti

140 1829 429 1886 coeperunt.
511 1820 636 1867 Cum
683 1828 847 1867 autem
893 1829 1064 1867 nostra
1119 1815 1391 1883 disputatio
1449 1824 1504 1870 in

138 1901 315 1965 primis
344 1900 405 1947 ad
433 1888 648 1946 colonias
676 1897 736 1944 ab
763 1897 868 1960 ipsa
896 1898 1092 1945 civitate
1109 1895 1352 1947 'deductas
1379 1917 1504 1962 per·

136 1979 321 2039 tineat,
367 1992 455 2038 age
505 1975 752 2024 videamus
771 2008 788 2035 ‚
851 1989 1093 2036 quaenam
1133 1990 1306 2022 earum
1351 1976 1506 2024 fuerit

140 2055 358 2103 conditio
397 2070 456 2102 ac
495 2053 623 2103 ratio
652 2067 765 2113 erga
800 2050 1119 2112 metropolin.

202 2131 355 2191 Quod
366 2131 426 2178 de
438 2130 745 2178 Phoenicum
761 2128 968 2187 coloniis
987 2128 1317 2177 animadverti
1331 2164 1348 2191 ,
1371 2130 1500 2177 idem

131 2210 262 2259 valet
295 2209 356 2255 de
391 2207 701 2254 Graecorum
720 2240 735 2266 ,
775 2191 864 2252 eas¹
890 2205 1070 2253 scilieet
1089 2240 1104 2266 ,
1131 2207 1193 2253 ad
1217 2208 1499 2268 exemplum

131 2285 419 2349 metropolis
462 2283 610 2330 fuisse
649 2282 925 2341 instituta83
970 2283 1103 2345 quod
1144 2291 1310 2331 autem
1339 2286 1422 2331 hic
1446 2287 1525 2350 in¹

130 2366 308 2427 primis
336 2364 389 2410 in
418 2362 616 2412 censum
651 2361 791 2410 venit
808 2395 825 2421 ,
855 2360 1025 2408 iisdem
1055 2361 1326 2409 utebantur
1354 2362 1502 2409 sacris

128 2458 188 2490 ac
221 2439 514 2505 religionum
541 2438 851 2486 ceremoniis.
880 2435 884 2441 ’

197 2519 405 2566 Colonia
462 2518 691 2579 decreta,
743 2516 852 2563 eius
897 2515 1011 2563 socii
1053 2516 1214 2564 secum
1256 2517 1501 2566 ducebant

773 2592 816 2639 F
850 2592 879 2638 4
1408 2612 1503 2658 pa-
