1787 3205
399 223 498 274 nu
531 222 855 292 coLoan
891 219 1257 276 VETERUM.
1420 231 1511 292 149

153 382 260 432 ihre
281 381 353 430 ait
366 397 385 440 ,2
421 387 568 434 ἔδωκε’
584 387 811 436 πολιτείαν
843 389 892 434 δὲ
927 391 1044 444 τισὶ,
1091 392 1170 434 καὶ
1195 384 1348 442 ἄλλοις
1375 382 1507 434 duot-

155 461 274 518 κους
295 461 399 510 τῶν
427 460 662 524 Ῥωμαίων
699 464 957 536 νομξίζεσθαι
996 460 1152 524 (568).
1237 461 1335 508 Ubi
1376 461 1510 511 eivi-

153 544 230 583 tas
266 537 373 584 'iuri
416 538 724 586 coloniarum
780 540 965 587 civium
1020 538 1359 585 Romanorum
1407 554 1508 601 op-

154 614 362 675 ponitur
376 648 392 677 ,
421 623 479 662 ut
506 616 623 663 adeo
652 615 975 665 verofimilius
1005 616 1230 665 videatur
1243 649 1261 677 ,
1292 614 1505 664 colonias

159 692 346 740 civium
383 692 720 740 Romanorum
750 694 860 739 iura
895 693 1122 755 publica,
1156 700 1215 739 ut
1244 692 1507 755 suffragio-

153 782 265 817 rum
285 804 301 831 ,
343 771 713 833 magistratuum
755 770 943 818 Romae
976 770 1300 835 gerendorum
1316 803 1332 832 ‚
1375 776 1471 818 cet.
1489 803 1505 831 ,

151 846 355 894 amifisse
396 847 549 911 (569).
618 847 689 893 Ut
730 854 893 899 autem
924 847 1143 894 coloniae
1174 847 1356 895 civium
1394 846 1506 894 Ro-

152 939 415 971 manorum
443 925 650 973 fuerunt
670 924 811 984 illae,
841 935 967 986 quae
992 925 1101 970 iure
1123 923 1399 982 Quiritium
1426 938 1508 969 es-

151 1000 258 1046 sent
283 999 517 1061 donatae,
549 999 614 1045 fic
639 999 859 1059 coloniae
883 999 1089 1046 Latinae
1112 1000 1349 1059 fuerunt,
1378 1014 1507 1064 quae

148 1075 267 1122 Iure
297 1076 430 1122 Latii
455 1082 733 1124 uterentur.
805 1074 918 1121 Hoc
957 1076 1038 1121 ius
1082 1076 1192 1122 iure
1221 1073 1506 1133 >Quiritium

80 1197 85 1199 .
149 1158 260 1198 erat
289 1152 454 1198 minus
471 1185 488 1212 ,
529 1152 647 1198 adeo
684 1160 742 1197 ut
772 1152 862 1198 hae
890 1152 1040 1213 plura
1072 1167 1219 1213 quam
1245 1151 1362 1197 illae
1391 1153 1506 1198 iura

148 1215 463 1274 amitteient:
518 1228 670 1274 immo
715 1227 844 1275 cives
903 1227 1118 1274 Romani
1166 1228 1228 1272 in¹
1274 1227 1508 1275 Latinam

150 1303 395 1350 coloniam
448 1304 643 1351 deducti
696 1304 902 1351 mediam
961 1302 1278 1364 patiebantur
1330 1304 1507 1364 capitis

148 1380 521 1427 diminutionem
550 1380 730 1442 (570).-
776 1380 854 1425 Ita
881 1380 1013 1425 enim
1050 1380 1396 1441 intelligendus
1433 1388 1508 1426 est

149 1453 351 1516 Cicero,
378 1454 465 1502 ubi
494 1456 612 1503 dicit
642 1456 812 1519 (371):
864 1470 891 1501 1)
916 1453 1174 1503 Civitatem
1210 1470 1328 1505 vero
1361 1470 1507 1502 nemo

150 1546 180 1579 n
201 1547 422 1593 unquam
445 1532 553 1578 ulio
580 1533 758 1594 populi
789 1532 930 1578 iussu
955 1531 1137 1577 amittit
1164 1532 1384 1589 invitus3
1419 1533 1507 1592 qui

150 1621 181 1654 n
201 1607 331 1655 cives
345 1606 560 1654 Romani
575 1608 628 1654 in
641 1607 869 1656 .colonias
893 1605 1098 1653 Latinas
1123 1604 1508 1670 proficisceban-

148 1699 178 1731 υ
197 1691 314 1743 tur,
350 1681 457 1728 fieri
487 1699 588 1730 non
613 1690 848 1746 poterant
872 1682 1073 1742 Latini,
1105 1683 1192 1743 qui
1227 1698 1330 1729 non
1365 1691 1507 1729 erant

148 1775 178 1808 ’²
197 1766 423 1807 auctores
470 1756 587 1804 facti
630 1774 910 1819 nomenque
956 1758 1187 1804 dederant
1201 1758 1254 1816 3'’
1312 1766 1361 1804 et
1406 1760 1505 1804 ali-

148 1838 201 1885 bi
241 1838 405 1899 (572):
462 1851 489 1882 ²)
512 1842 642 1882 certe
686 1835 856 1897 quaeri
881 1835 990 1880 hoc
1034 1834 1185 1879 solere
1200 1836 1253 1894 ,''
1301 1836 1500 1898 inquit,

149 1930 179 1962 n
201 1930 280 1961 me
306 1930 407 1961 non
432 1912 686 1976 praeteriit
702 1946 717 1973 ‚
745 1920 801 1958 ut
826 1926 887 1958 ex
912 1926 991 1957 me
1015 1926 1139 1972 quae
1166 1911 1255 1958 tibi
1278 1913 1330 1959 in
1358 1928 1506 1961 men-

151 2006 180 2039 >2
200 2000 299 2040 tem
344 2008 445 2039 non
491 1990 702 2040 veniunt
731 1989 932 2047 audias3
975 1989 1417 2052 quemadmodum,
1467 1993 1501 2039 fi

1380 2083 1419 2114 »‚
1430 2084 1505 2115 01—

200 2307 328 2361 (368)
355 2310 437 2347 Βιο
460 2318 619 2347 σΛεειυε
646 2306 808 2351 XLIII,
838 2318 880 2356 p.
906 2317 996 2356 233.

197 2370 325 2421 (369)
352 2369 614 2409 summamus
638 2360 732 2408 Oib.
754 2367 860 2407 Rom.
884 2368 927 2417 1,
954 2368 975 2417 §
998 2380 1033 2418 9.

202 2432 332 2484 (370)
358 2431 429 2472 Cf.
456 2441 653 2470 non-rmus
676 2432 717 2469 in
746 2430 865 2479 pric.

201 2493 331 2544 (371)
358 2487 519 2533 thzno
534 2501 604 2539 pro
626 2492 728 2530 domo
751 2501 789 2530 c.
810 2502 875 2539 30.

199 2553 334 2611 {3222
358 2554 520 2595 emmo
541 2561 608 2586 *w*
626 2553 800 2593 anct‘na.
825 2564 863 2593 c.
885 2564 948 2601 33.

753 2615 922 2665 'K5
