1787 3205
358 163 494 265 -mz
527 208 855 267 coLomis
889 207 1268 261 vomam,
1444 211 1526 275 >69

147 371 403 436 perductis
421 406 438 434 ‚
479 372 601 421 urbs
614 372 801 435 -Ampe
832 372 899 419 ad
943 387 1085 429 marev
1115 369 1349 418 Rubrum
1363 406 1365 409 .
1378 368 1523 417 habi-

138 448 299 499 tanda
335 447 435 496 fuit
469 450 581 498 data
627 451 800 515 (151),
849 448 1167 511 aliorumque
1211 448 1379 511 (152);
1426 447 1522 496 nifi

139 524 347 590 mallem
388 542 525 574 nune
569 528 782 590 propius
810 519 1038 574 accedere
1065 527 1128 573 ad
1158 526 1376 572 colonias
1414 541 1521 587 pu-

135 601 291 652 :blicaz
320 603 537 665 ipsarum
580 603 887 652 Graecarum
923 603 1181 652 civitatum
1225 603 1519 658 auctoritate

135 679 393 731 deductas.
460 680 592 729 Ante
619 689 785 730 autem
815 697 962 744 quam
994 697 1053 728 eo
1089 680 1283 729 veniam
1299 713 1315 741 ,
1345 687 1519 726 tenea-

134 763 263 818 ‚tur,
292 759 426 821 apud
442 758 658 806 Graecas
687 760 923 822 quasdam
948 758 1096 805 etiam
1118 758 1340 804 colonias
1365 757 1517 804 fuisse

141 835 370 882 'conditas
399 851 431 882 a
461 834 804 897 principibus,
835 833 1234 896 expeditionibus
1257 834 1518 896 praepofi-

134 910 208 957 ,tis
223 944 240 971 ,
268 918 357 973 aut
383 911 446 957 ad
468 911 827 958 aliasrcolonia's
852 909 1132 957 condendas
1159 909 1340 962 emisfis
1357 943 1372 969 ,
1400 926 1514 957 cum

135 986 202 1038 *hi
228 987 283 1035 in
308 987 593 1051 regionibus
608 1021 624 1049 ,
649 987 711 1034 ad
736 1002 860 1050 quas
882 986 1221 1049 appellerent,
1248 987 1519 1034 nonnullos

150 1063 353 1114 colonos
399 1064 760 1131 relinquerent..
842 1063 947 1111 sic.
969 1065 1332 1127 expeditionem
1378 1064 1517 1112 illam

132 1140 389 1189 —oelebrem
422 1142 808 1205 Argonautioam
839 1141 1011 1188 multis
1040 1141 1246 1188 coloniis
1275 1141 1515 1204 originem

145 1219 327 1271 dedisse
345 1253 361 1281 ,
396 1236 497 1266 non
528 1220 774 1281 *immerito
813 1218 1045 1281 suspicari
1074 1218 1225 1278 licet3
1253 1219 1306 1266 in
1333 1219 1517 1281 primis

146 1313 259 1343 cum
295 1289 387 1343 nos
426 1298 595 1343 doceat
636 1296 812 1344 Strabo
828 1331 843 1357 ,
886 1296 1026 1355 ‚circa
1054 1294 1274 1358 Sinopen
1305 1297 1516 1359 eiusque

144 1386 284 1421 oram
311 1373 622 1420 ’maritimam
642 1408 658 1436 ,
702 1373 1057 1438 Propontidem
1075 1407 1091 1434 ,
1134 1373 1513 1436 Hellespontum

143 1448 400 1513 usquead
439 1451 716 1511 Lemnum,
759 1458 869 1499 tum
913 1450 1062 1496 etiam
1094 1465 1255 1511 usque
1288 1451 1349 1496 ad
1386 1439 1515 1496 Cre-

144 1534 245 1573 tam
257 1520 281 1586 '‚
315 1527 557 1574 Andriam
595 1535 744 1589 atque
775 1526 969 1592 Italiam
990 1559 1005 1585 ‚
1048 1526 1206 1571 multa
1256 1525 1434 1572 Phrixi
1464 1535 1514 1581 et

142 1602 330 1649 Iasonis
359 1603 729 1665 expeditionum
754 1601 938 1648 indicia
966 1601 1343 1663 supermanfisse
1358 1605 1513 1668 (155).

143 1675 220 1729 It'a
244 1678 429 1726 bellum
459 1678 743 1727 Troianum
768 1678 939 1726 multis
971 1678 1119 1726 etiam
1149 1669 1357 1727 coloniis
1385 1683 1513 1728 con-

143 1755 313 1804 dendis
345 1756 510 1802 ansam
539 1752 688 1803 dedit.
760 1756 933 1803 Multi,
956 1756 1093 1802 enim
1137 1772 1199 1803 ex
1239 1758 1332 1806 hoc
1376 1758 1507 1806 bello

147 1833 350 1880 reduces
380 1833 558 1880 domus
589 1839 637 1879 et
666 1833 875 1894 patriam
907 1831 969 1878 ab
997 1832 1104 1877 aliis
1128 1841 1394 1897 occupatas
1426 1836 1513 1882 in-

1421 1929 1514 1962 VC-

191 2116 320 2169 (151)
352 2116 573 2155 Hsskono‘r.
600 2115 675 2155 Vl.
700 2127 766 2155 20.
932 2160 934 2162 ,

194 2179 323 2232 (152)
355 2177 410 2216 Ita
448 2178 657 2226 Messenii,
689 2177 759 2228 qui
799 2188 907 2218 antea
943 2178 1124 2218 Ithomen
1159 2188 1386 2225 tenuerant,
1421 2190 1516 2229 post

141 2242 290 2282 bellum
318 2239 600 2278 Messeniacum
626 2241 777 2279 tertium
793 2268 805 2286 ,
825 2250 907 2279 eam
932 2243 1148 2291 relinquere
1172 2243 1303 2281 coacti
1327 2243 1373 2280 ab
1394 2237 1515 2280 At‘he·

142 2299 334 2341 nienssbus
373 2300 603 2349 Naupacten
641 2297 881 2339 habitandam
919 2312 1173 2351 aeceperunt.
1203 2313 1333 2342 ’tuuc-
1361 2302 1394 2343 1.
1426 2313 1513 2350 103.

145 2365 272 2403 Dion.
300 2372 379 2402 sne.
405 2360 497 2400 XII.
518 2373 586 2412 44.
624 2360 917 2400 Lacedaemonii
934 2372 1066 2401 contra
1088 2363 1302 2412 Aeginitis‚
1328 2366 1373 2401 ab
1389 2364 1514 2402 Athe-

145 2424 337 2464 nienfibus
368 2422 486 2462 insula
519 2424 584 2461 sua
609 2422 806 2473 expulsis,
833 2423 1028 2475 Thyraeas
1063 2424 1108 2462 ad
1138 2425 1386 2464 incolendum
1415 2437 1513 2465 con·

146 2486 356 2524 cesserunt.
389 2483 526 2524 Tunc.
560 2484 614 2523 ΙΙ.
639 2496 705 2536 27.
764 2487 982 2527 Duonoaus
1012 2488 1037 2525 l.
1066 2489 1091 2523 l.

197 2543 326 2600 (153)
356 2542 521 2585 swam)
551 2546 595 2592 1,
624 2558 663 2595 p.
690 2557 739 2597 77
767 2548 845 2597 seq.
