1787 3205
226 225 288 274 16
468 228 581 276 DE.
607 224 933 276 coLoan
970 186 1340 280 vna-‘eamn

219 387 400 442 damna*
435 386 594 435 solent
633 385 826 436 afferre.
853 388 973 451 (28).
1045 388 1280 438 Constans
1314 391 1459 438 etiam
1494 390 1586 438 hoc·

212 459 474 529 [confilium
503 465 639 527 apud
663 466 954 513 'Phoenices
994 464 1119 512 erat?
1148 474 1199 513 et
1241 468 1346 523 esse
1383 467 1552 525 debuit
1568 494 1587 527 5

220 541 587 604 secundumque
622 542 762 589 ‘illud
793 543 977 604 plures?
1008 542 1070 589 ab
1108 542 1167 589 iis
1202 545 1357 591 variis
1397 545 1588 606 tempo·-

220 617 362 666 rih'ua
389 621 588 666 emieiae
612 621 728 678 sunt
760 620 1002 667 coloniae.
1072 619 1210 666 Huic
1246 622 1416 669 causae
1452 621 1587 668 mula

217 703 298 743 tae
319 697 439 758 „iliae
466 696 687 754 coloniae
716 695 1013 744 tribuuntur
1031 731 1047 758 ‚
1092 712 1219 759 quae
1263 713 1378 744 eum
1403 698 1588 757 Cadmo

216 776 425 837 eiusque
462 775 604 835 sociis
661 791 724 822 ex
770 774 1019 823 Phoenice
1070 775 1349 844 migrarunt
1386 781 1502 836 post
1533 775 1590 821 1-

180 887 182 890 .
218 851 572 912 sraelitarum
556 867 613 898 m
638 851 921 900 Phoenicen
959 852 1254 909 adventum3
1281 842 1551 898 coloniae
1533 867 1588 897 ln

217 929 440 977 Africam
481 930 654 977 missae
695 937 744 977 et
772 931 948 979 Uticae
978 930 1203 1012 conditae
1234 931 1438 977 eandem
1471 945 1588 976 cau-s

218 1004 318 1054 sam
345 1006 499 1053 refert
525 1007 745 1054 Iustinus
782 1007 905 1070 (29).

255 1084 525 1131 Tertium
557 1084 654 1131 fuit
686 1085 992 1136 coloniarum
1019 1100 1172 1147 genus
1192 1119 1208 1145 ,
1225 1095 1370 1146 :quae
1385 1081 1589 1146 proprie

223 1176 327 1207 non
343 1162 449 1223 ipsa
464 1162 884 1209 civitate·.auctore
900 1160 1239 1208 condebantur
1254 1196 1270 1222 ,
1306 1160 1387 1208 sed
1411 1159 1472 1207 ab
1497 1159 1557 1205 iis
1574 1186 1590 1219 ,

221 1238 311 1300 qui
337 1253 400 1284 ex
430 1234 679 1285 Phoenice
703 1238 917 1300 profecti
952 1245 1124 1299 erant,
1165 1245 1349 1286 certam
1373 1238 1591 1299 aliquam

220 1315 463 1361 coloniam
496 1315 773 1371 condituri,
801 1322 851 1361 et
872 1316 927 1361 in
949 1314 1260 1377 regionibus,
1281 1316 1334 1361 in
1355 1329 1478 1376 quas
1502 1314 1592 1360 iti-fi

222 1393 357 1440 neris
403 1393 552 1438 eursu
593 1399 965 1454 et‘tempestate
1008 1391 1389 1452 deferebantur,
1432 1392 1593 1439 [ocio-

219 1485 336 1516 rum
360 1463 553 1530 partem
577 1468 928 1531 relinquebant
946 1503 961 1529 ‚
1006 1476 1095 1516 aut
1131 1470 1187 1516 in
1214 1469 1335 1517 alias
1364 1470 1591 1532 regiones

222 1562 285 1594 ex
325 1545 426 1592 fuis
466 1545 665 1592 colonos
698 1545 981 1592 mittebant.v
1051 1545 1163 1591 Hae
1193 1539 1345 1607 igitur
1371 1546 1595 1592 coloniae

223 1622 365 1672 ducis
397 1621 549 1685 magis
578 1623 871 1670 auctoritate
917 1621 1271 1670 emittebantur
1285 1658 1301 1684 ,
1352 1630 1402 1670 et
1447 1624 1597 1685 prin-

225 1701 351 1763 cipis
381 1701 602 1747 coloniae
629 1708 832 1747 auctore
857 1700 1055 1749 civitate
1076 1701 1271 1747 emissae
1299 1700 1451 1748 veluti
1478 1714 1596 1762 pars

224 1785 385 1826 erant.
442 1778 581 1825 Inter
611 1793 732 1840 quas
763 1779 915 1840 igitur
939 1785 987 1824 et
1015 1777 1153 1838 illas,
1187 1777 1247 1823 de
1278 1776 1457 1840 quibus
1483 1764 1597 1823 ino·-

225 1857 289 1903 do
316 1857 428 1920 egi,
465 1855 670 1917 aliquod
697 1855 795 1902 suit
823 1854 1086 1902 discrimen
1116 1853 1237 1915 (50).

1450 1929 1599 1978 Non-

281 2210 382 2261 (28)
412 2210 481 2249 Cf.
508 2219 699 2255 uaaREN,
725 2206 851 2247 [dean.
881 2209 938 2247 th.
967 2207 1006 2256 1,
1032 2206 1144 2251 abth.
1172 2218 1219 2257 2,
1248 2220 1336 2261 pag.
1366 2212 1433 2260 33.

275 2270 380 2324 (29)
411 2264 630 2318 lemnus,
663 2268 817 2308 XVIII.
847 2281 888 2320 4.

276 2333 381 2387 (30)
413 2334 503 2372 Hoc
529 2330 651 2370 modo
675 2343 694 2368 a
719 2331 871 2370 Cadmo
897 2331 1027 2381 plures
1055 2333 1232 2372 coloniae
1269 2332 1359 2371 sunt
1387 2309 1594 2371 deductae.

229 2399 305 2438 Hic
344 2411 365 2437 a
401 2407 492 2446 rege
537 2395 661 2433 iussus
705 2394 908 2445 Europam
955 2406 1168 2445 quaerere,
1217 2407 1308 2436 cum
1351 2395 1506 2438 colonia
1544 2405 1594 2439 ex

227 2460 432 2499 Phoenice
466 2460 696 2508 profectus,
735 2465 968 2506 tempestate
1008 2467 1171 2497 coactus
1217 2457 1263 2496 ad
1304 2454 1496 2496 Rhodum
1538 2456 1600 2496 iu·

224 2521 343 2558 sulam
371 2522 540 2569 appulit,
565 2521 636 2557 ubi
662 2519 997 2564 commorabatur,
1017 2528 1139 2568 utque
1160 2513 1296 2556 votum
1319 2516 1507 2566 Neptuno
1522 2517 1596 2557 sol-

227 2592 336 2621 veret
351 2608 363 2626 ,
388 2582 461 2620 Dei
484 2583 667 2629 tempium
689 2580 886 2627 condidit,
908 2589 945 2617 et
969 2590 1018 2618 ex
1047 2579 1188 2618 itineris
1214 2571 1328 2617 sociis*
1351 2571 1497 2628 aliquot
1524 2577 1597 2617 hu*-

1537 2651 1593 2678 ius
