1787 3205
202 227 258 259 ι,
454 210 553 260 DE
590 186 933 260 oonoan·
952 207 1320 270 VETERUM.

198 380 287 421 tur
328 370 451 435 (2‘5);
486 372 566 419 sed
593 372 785 421 artibus
828 374 985 437 pacis·
1012 374 1385 437 promovendis}
1403 371 1569 430 ,stude4

197 450 321 498 bant
336 485 351 511 ‚
387 457 438 498 et
465 466 578 500 cum
611 453 852 510 orientem
886 452 1055 512 versus
1089 451 1271 503 limites
1300 452 1571 512 Phoenices

202 543 308 576 non
351 528 552 591 possent
597 528 867 593 propagari
906 529 1398 593 propterqpotentia,
1439 544 1574 593 qua?

200 620 311 655 eam
365 606 737 657 circumdabant
784 607 996 666 imperia
1010 640 1026 666 ,
1068 621 1096 654 e
1145 607 1393 664 contrario
1438 608 1575 664 occi-

200 680 399 730 dentem
424 681 590 731 versus
619 687 780 729 totum
812 681 876 729 iis
903 675 1109 744 patebat
1121 697 1265 729 mare
1288 681 1571 739 Internum

198 757 347 805 Unde
378 757 604 805 coloniae
633 760 687 806 in
714 759 820 805 eius
848 760 966 807 oris
975 755 1186 825 aliisque
1211 762 1264 806 in
1292 758 1440 806 terris
1457 774 1572 818 ‚n9n

198 824 321 883 ideo
355 834 419 883 ab
462 835 537 882 iis
577 836 805 905 conditae
853 837 968 884 sunt
983 871 998 898 ,
1058 844 1115 885 ut
1166 836 1324 886 multa
1360 835 1575 899 imperia

198 914 484 976 multasque
508 920 695 976 gentes
707 914 794 966 fibi
815 914 1143 973 subiicerent,
1176 916 1254 963 sed
1271 916 1388 978 quia
1402 929 1576 962 neces-.-

199 991 353 1043 sariae
381 997 538 1038 erant·
553 990 774 1053 sequelae
802 1007 989 1039 eorum
1006 999 1310 1040 mercaturae
1343 999 1393 1040 et
1426 991 1574 1043 navi-

201 1069 433 1133 gationis.
1079 1114 1082 1116 ,
1564 1121 1565 1124 ¹

268 1146 468 1198 Herum
504 1156 671 1198 autem
717 1149 1025 1201 coloniarum
1044 1182 1060 1210 ,
1103 1149 1313 1211 quarum
1362 1115 1575 1205 conden-

198 1225 376 1274 darum
420 1227 657 1288 princeps
703 1225 960 1277 confilium
1008 1235 1173 1287 erat,
1216 1234 1273 1272 ut
1320 1232 1607 1272 mercatu-*

198 1318 284 1350 rae
316 1310 363 1349 et
388 1303 693 1365 navigationi
725 1303 1056 1362 inservirent,
1086 1319 1188 1349 non
1213 1302 1438 1348 omnium
1475 1317 1577 1348 una

197 1389 246 1442 et
298 1378 467 1425 eadem
527 1379 677 1441 plane
724 1385 832 1425 erat
882 1379 1042 1439 ratio5
1102 1388 1205 1425 tres
1263 1379 1576 1441 potisfimum

126 1510 128 1513 .
194 1457 385 1519 species
438 1456 647 1518 possunt
701 1454 895 1502 referri.
948 1482 1014 1511 τ·-
1064 1454 1293 1514 Aliarum
1326 1457 1461 1515 enim
1489 1471 1577 1501 ra-

199 1536 272 1581 tio
293 1576 295 1581 .
318 1541 455 1605 erat,
508 1540 566 1579 ut
605 1548 667 1579 ex
710 1531 992 1595 regionibus
1024 1534 1080 1579 in
1131 1533 1312 1595 quibus
1357 1533 1579 1585 conditae

196 1618 377 1672 erant,
436 1610 602 1656 coloni
656 1625 844 1656 merces
899 1616 1140 1671 peterent.
1228 1610 1344 1656 Huc
1406 1625 1577 1668 omnes

194 1689 306 1737 illas
353 1686 634 1740 referendas
688 1686 789 1732 esse
840 1687 1128 1734 crediderim
1145 1722 1160 1749 ,
1197 1703 1322 1750 quae
1366 1687 1419 1733 in
1448 1683 1577 1734 His-

195 1767 397 1829 pan'iam
450 1772 500 1811 et
557 1764 787 1825 deinceps
839 1764 974 1810 ultra
1028 1764 1264 1810 Herculis
1316 1764 1574 1811 columnas

195 1852 341 1891 erant
382 1841 619 1900 emissae3
660 1840 696 1887 fi
739 1842 870 1887 enim
913 1841 1186 1889 Phoenices
1225 1842 1411 1916 divitiis
1458 1842 1578 1904 quid

195 1923 477 1981 valuerint,
502 1920 628 1967 illud
669 1920 781 1969 sane
814 1920 946 1965 hisce
978 1919 1262 1984 regionibus
1302 1918 1574 1978 debebant,

194 2007 375 2063 utpote
396 1998 594 2060 antiqui
626 1996 761 2043 orbis
791 1997 1055 2045 ditisfimis.
1106 1998 1245 2044 Aliae
1273 1997 1445 2043 deinde
1469 1997 1576 2043 ideo

196 2076 555 2143 emittebantur
581 2082 637 2123 ut
651 2090 838 2120 merces
855 2090 916 2120 ex
932 2075 1009 2121 his
1037 2074 1317 2136 regionibus
1344 2060 1542 2119 haustas
1558 2107 1574 2133 ,

193 2161 283 2204 aut
310 2169 422 2213 eas,
455 2166 579 2213 quas
609 2150 700 2212 ipsi
733 2151 899 2197 coloni
926 2151 1088 2197 secum
1119 2166 1179 2196 ex
1209 2150 1455 2197 Phoenice
1479 2150 1577 2196 du-

195 2238 373 2278 xerant
394 2264 408 2290 ,
457 2228 564 2279 aliis
615 2227 814 2289 populis
860 2229 1144 2276 venderent·
1174 2236 1262 2276 aut
1314 2235 1577 2291 permuta-

194 2316 355 2355 rent.>
399 2306 519 2353 Huc
550 2306 806 2367 pertinent
832 2305 1049 2353 coloniae
1087 2307 1140 2354 in
1173 2305 1435 2353 Graeciam
1488 2304 1579 2349 de-

1455 2381 1577 2430 duc-

248 2567 351 2618 (25)
380 2566 620 2612 szzcust,
650 2563 819 2603 XXVII.
854 2575 923 2608 ιο,
956 2574 1017 2601 ιι.
