1787 3205
254 221 317 270 70
499 167 597 255 DE
631 198 960 260 coLoan
994 198 1397 257 vua-*eame-

253 371 531 424 venerunt3
555 365 644 412 alii
660 399 676 427 ‚
707 380 800 428 per
822 365 1095 423 multorum
1119 380 1370 415 annorum
1404 364 1616 428 spatium

252 442 467 489 errantis
482 443 613 492 vitae
635 444 804 507 generi
827 443 1032 504 assueti,
1053 442 1364 506 longinquas
1377 441 1622 506 expediti·-

251 532 373 565 ones
404 518 672 582 suscipere
668 553 684 581 ,
720 534 874 583 quam
900 519 954 567 in
985 520 1201 583 patriam
1240 519 1402 568 redire
1429 517 1621 567 malue-

249 604 404 657 runt,
450 597 502 643 in
532 597 708 659 primis
744 611 859 643 cum
891 611 1000 659 per
1010 596 1104 643 hoc
1137 595 1326 644 bellum
1360 591 1621 659 navigandi

248 680 409 720 artem
436 674 615 721 melius
645 673 937 722 didicissent.
985 673 1108 741 Alii
1122 707 1139 736 ‚
1178 675 1317 721 omni
1343 674 1501 721 studio
1524 684 1622 736 pa-

248 750 397 797 triam
439 758 732 813 quaerentes
752 784 768 812 ,
805 766 898 798 nec
937 756 1102 800 tamen
1145 766 1252 798 eam
1279 750 1585 799 invenientes
1604 783 1621 811 ,

250 827 527 891 multisque
574 828 741 876 iactati
783 828 1158 892 tempestatibus
1179 862 1195 891 ,
1246 827 1367 875 Diis.
1411 827 1620 891 gratiam

242 905 538 954 ¹referebant
551 939 567 968 ,
611 907 744 970 quod
764 908 827 955 ad
855 907 1078 971 regiones
1113 906 1421 971 appulissent
1435 940 1451 967 ,
1498 920 1622 968 quas

236 989 366 1031 'tuto
384 985 582 1046 possent
596 991 779 1034 tenere.
830 984 966 1032 Hinc
998 984 1174 1051 Strabo
1201 984 1360 1045 dixit,
1392 998 1474 1030 eos
1490 1016 1507 1044 ,
1534 981 1621 1045 qui

248 1076 343 1107 ex
341 1060 488 1107 bello
531 1045 757 1107 Troiano
797 1068 1039 1109 venerant
1056 1094 1075 1122 ,
1125 1076 1235 1123 per
1255 1068 1416 1107 totum
1448 1058 1620 1107 orbem

251 1145 501 1184 terrarum
532 1144 762 1199 vagatos,
791 1137 1038 1199 urbesque
1059 1137 1122 1184 ab
1148 1138 1226 1185 his
1258 1137 1502 1201 plurimas
1528 1151 1622 1199 per

248 1228 446 1260 omnem
466 1247 482 1275 ‚
500 1208 655 1276 qua'e
697 1220 839 1260 extra
883 1204 1145 1262 Graeciam
1190 1221 1266 1262 est
1280 1249 1297 1277 ,
1335 1230 1474 1262 oram
1508 1229 1620 1261 mu·h

247 1290 467 1338 ritimam
495 1291 716 1337 conditas
742 1291 844 1337 esse
874 1289 1032 1354 (154).·

312 1366 441 1414 Cum
483 1374 650 1415 autem
686 1367 832 1415 lones
864 1382 927 1414 ex
963 1344 1305 1430 Peloponneso
1337 1383 1368 1415 a
1394 1365 1620 1415 Doribus

245 1445 414 1509 pulfi,
440 1443 792 1491 comitantibus
826 1445 1083 1492 nonnullis
1111 1445 1219 1505 aliis
1253 1444 1494 1492 Graeciae
1521 1461 1620 1506 po-

247 1522 412 1585 pulis,
439 1521 648 1567 ducibus
665 1521 814 1568 Codri
829 1519 973 1582 filiis,
999 1522 1054 1569 in
1071 1522 1232 1569 Aliam
1250 1521 1495 1569 minorem
1518 1521 1618 1569 mi·-

237 1604 455 1664 ·grarent
477 1597 643 1661 (155);
670 1598 940 1645 nonnullos
979 1613 1082 1660 per
1109 1599 1257 1678 hocce
1286 1599 1381 1645 iter
1411 1599 1465 1645 in
1497 1599 1617 1660 qui—

1504 1674 1621 1723 bus-

296 1868 427 1921 (154)
455 1869 620 1909 STRAno
655 1867 698 1915 1,
725 1879 765 1918 p.
793 1870 859 1918 83.
914 1869 984 1909 Cf.
1011 1878 1277 1908 TRUCYDIDES
1308 1867 1341 1906 1.
1371 1878 1431 1908 1‘2.

295 1929 429 1983 (155)
454 1930 673 1970 Venimus
710 1939 1009 1975 PATERCULUS,
1039 1929 1145 1969 Hist.
1183 1929 1291 1969 Rom.
1326 1928 1360 1968 1.
1382 1940 1420 1979 4.
1477 1929 1615 1980 „Sub-

245 1991 458 2043 „sequenti
491 2000 694 2040 tempore,
733 1992 881 2040 inquit,
915 2000 1048 2038 magna
1080 1991 1139 2029 vis
1175 1991 1350 2029 Graecae
1376 1990 1615 2041 iuventutis,

244 2052 512 2105 „abundantia
543 2053 711 2099 virium,
747 2051 858 2092 sedes
895 2050 1137 2102 qunefitans,
1165 2052 1205 2091 in
1240 2051 1368 2092 Atiam
1399 2053 1436 2091 se
1466 2052 1617 2095 effudit.

245 2144 274 2167 ‚,
287 2115 392 2155 Nani
416 2123 456 2153 et
480 2114 608 2162 Iones,
635 2116 728 2154 duce
743 2114 833 2154 Ione
853 2112 1018 2164 profecti
1040 2112 1224 2160 Athenis,
1247 2112 1506 2165 nohilisfimam
1521 2124 1618 2166 par-

246 2184 360 2227 „tem
375 2178 537 2226 regionis
557 2179 781 2216 maritimae
794 2178 905 2226 Aſsae
926 2182 1227 2226 occupaverunt,
1245 2180 1342 2225 quae
1357 2174 1535 2227 hodieque
1547 2187 1621 2228 apt

245 2238 455 2289 „pellatur
466 2237 598 2285 Io'nia,
624 2238 807 2288 urbesque
825 2236 1046 2286 constitutae
1069 2235 1250 2288 Ephesus.
1275 2230 1388 2278 c'et.”'
1438 2238 1619 2290 Plerique

244 2302 474 2351 interpretes
506 2300 609 2338 hunc
649 2301 784 2338 locum
819 2299 870 2337 ita
917 2299 1217 2346 intellexerunt,
1244 2299 1350 2350 quafi
1378 2311 1614 2349 vernerus,

244 2362 518 2402 celeberrimae
567 2361 679 2400 istius
730 2359 771 2398 in
823 2358 947 2399 Afiam
996 2362 1229 2411 migrationis
1284 2361 1417 2402 Ionem
1474 2353 1613 2405 d'ucem

246 2425 365 2463 fuisse
399 2422 618 2468 tradiderit.
655 2432 775 2471 atque
811 2420 905 2460 hinc
933 2424 1045 2461 variis
1079 2423 1202 2461 modis
1231 2424 1365 2462 locum
1397 2431 1615 2473 tentarunt,

245 2495 291 2524 ut
322 2494 544 2524 ceterorum
577 2484 807 2535 scriptorum
841 2481 1108 2523 traditionibus
1139 2484 1396 2531 contrarium,
1435 2486 1503 2535 qui
1533 2488 1614 2526 Ne-

246 2549 349 2587 leum
386 2556 619 2597 ceterosque
658 2544 780 2587 Codri
819 2543 923 2584 filios
965 2544 1081 2585 huius
1125 2545 1302 2586 coloniae
1337 2545 1460 2587 duces
1493 2548 1611 2588 fuisse

1455 2639 1480 2661 „
1500 2611 1615 2662 scrip·
