1787 3205
1144 107 1156 130 4

193 215 257 262 56
444 216 570 265 mss.
580 213 909 264 COLONHS
917 252 924 258 .
942 214 1309 267 VETERUM‘.

195 378 361 436 eaque
383 374 542 421 seculo
574 375 721 423 etiam
756 377 888 424 sexto
928 392 1081 424 aerae·
1103 377 1425 424 Christianae·
1445 383 1562 423 ute-

203 450 387 497 bantur
417 451 552 514 (76);
588 453 751 512 unde3
793 454 906 500 licet
937 456 1081 500 etiam
1110 453 1209 499 alia·
1234 454 1480 513 deessent,
1508 453 1568 500 de

196 543 371 574 earum
400 529 594 591 origine
622 528 892 576 Phoenicia
919 530 1031 576 satis
1059 531 1218 590 posset
1246 531 1481 577 constare.

264 604 438 664 Quum
478 607 635 667 igitur
660 606 786 652 vtalis
822 593 1208 653 Phoeniciarum
1249 607 1562 658 coloniarum

200 684 416 729 conditio
448 684 654 737 essetJac
683 683 809 730 ratio
830 717 845 743 ,
877 699 1031 745 quum
1059 680 1274 745 lingulae
1299 683 1361 729 ad
1393 699 1566 729 exem-

197 760 340 820 plum
372 760 664 823 mettopolis
692 760 851 807 es1'ent
878 759 1171 808 constitutae
1189 795 1204 821 ,
1237 775 1300 807 ne
1323 760 1565 807 miremur

196 837 462 884 maximam
516 838 647 884 inter
704 839 830 884 hanc
876 844 927 888 et
983 838 1093 884 illas
1162 837 1566 885 necesfitudinem

195 913 373 972 suisse3
423 923 473 960 et
520 914 633 960 licet
675 914 889 976 lingulae
932 903 1133 961 illa'rum
1178 916 1399 963 civitates
1439 912 1568 960 libe-

198 1006 286 1037 rae
328 990 480 1038 fuisse
520 991 783 1037 videantur
804 1025 819 1051 ,
856 991 1122 1053 metropoli
1155 1008 1256 1038 non
1290 991 1564 1051 subiectae,

203 1068 565 1114 satisfaciebant
611 1076 776 1114 tamen
826 1068 1025 1115 confilio
1068 1084 1166 1129 quo
1209 1069 1407 1114 emissae
1450 1067 1568 1114 fue—

201 1151 350 1204 raut,
397 1144 450 1190 in
496 1144 673 1205 primis
709 1145 842 1205 quod
870 1143 994 1191 illud
1028 1144 1308 1192 institutum
1344 1145 1567 1192 Phoeni-

198 1237 281 1267 ces
316 1220 672 1283 sequebantur,
715 1212 935 1267 colonias
978 1219 1337 1268 constituendas
1366 1223 1466 1268 esse
1505 1223 1567 1269 ad

202 1298 495 1359 metropolis
538 1297 816 1358 exemplum
839 1331 853 1356 ‚
913 1297 1029 1344 hinc
1077 1298 1315 1360 patebant
1372 1298 1570 1345 coloni·-

199 1392 347 1422 arum
389 1382 567 1435 portus
608 1374 822 1421 navibus
851 1375 1154 1434 Phoenices,
1184 1383 1233 1422 ct
1262 1375 1459 1437 poterat
1476 1378 1572 1424 'tu-

196 1462 247 1499 to
290 1452 639 1504 commercium
672 1451 859 1497 institui
891 1452 1024 1497 inter
1061 1452 1360 1512 metropolin
1400 1460 1450 1499 et
1477 1469 1569 1499 co-

198 1530 396 1590 lonias,
443 1528 677 1589 princeps
718 1528 1021 1589 singularum
1053 1528 1375 1575 deductarum
1404 1530 1567 1577 confi-

195 1608 350 1654 lium.⁴

186 1699 189 1701 ·
260 1685 438 1730 Coloni
467 1683 737 1729 Phoenices
764 1699 967 1744 quoquo
989 1684 1187 1731 versum
1211 1684 1444 1744 dispersi,
1473 1699 1569 1731 ne-

199 1778 295 1823 que
314 1761 517 1823 originis
543 1758 984 1819 obliviscebantur,
1013 1775 1173 1822 neque
1198 1775 1362 1806 novus
1389 1759 1568 1808 fiebant

200 1839 418 1900 populus
436 1872 450 1897 ,
496 1836 576 1882 sed
614 1836 741 1882 ide-m
768 1836 1034 1882 manebant
1053 1871 1068 1897 ,
1116 1836 1376 1899 omniaque
1405 1839 1569 1900 patria

200 1917 421 1963 instituta
451 1912 729 1960 retinebant
748 1947 762 1973 ,
790 1914 906 1959 licet
924 1947 938 1972 ‚
985 1914 1268 1975 regionibus
1296 1922 1346 1961 et
1370 1902 1579 1976 tempo-⁴

196 1994 339 2040 ribus
394 1992 709 2053 aliquantum
756 1982 1138 2037 accommodata.
1225 1991 1361 2037 Hinc
1416 1994 1569 2039 artis-

195 2086 335 2117 mum
377 2068 501 2114 illud
545 2068 674 2112 inter
717 2067 1014 2128 metropolin
1049 2074 1097 2114 et
1130 2067 1349 2113 colonias
1382 2068 1567 2116 vincti-‘-
1593 2070 1609 2093 ’·

193 2148 301 2194 lum
323 2181 338 2206 ‚
383 2146 500 2192 hinc
544 2144 628 2190 illa
666 2144 864 2204 pietatis
898 2144 1203 2194 coloniarum
1232 2160 1346 2207 erga
1376 2153 1568 2192 metro-

196 2225 336 2287 polin
399 2220 587 2280 officia,
650 2220 948 2281 illarumque
997 2239 1112 2270 cum
1166 2222 1256 2269 hac
1301 2223 1570 2271 necessitu-

1470 2300 1564 2360 do,

249 2552 349 2603 (76)
384 2551 566 2589 Pri-0001».
594 2552 636 2588 de
660 2548 753 2588 hello
778 2547 902 2586 Vand.
933 2547 984 2586 11.
1022 2559 1079 2587 10.
