1787 3205
439 254 537 322 DE
570 249 895 313 COLQNHS
929 247 1272 302 VETERUM
1287 281 1300 294 .
1494 247 1560 296 25

830 410 936 475 §4-

198 567 284 616 De
305 567 479 629 modo,
506 584 603 632 quo
622 564 907 630 Phoenices
937 562 1163 610 colonias
1189 558 1561 623 constituerunt

250 645 411 709 deque
437 644 800 707 necessitudine
830 642 968 689 inter
990 657 1080 689 eas
1103 647 1155 688 et
1178 639 1504 712 metropolin.

262 797 389 844 Cum
432 797 531 844 iam
571 813 629 844 eo
672 786 1045 859 pervenerimus
1065 829 1081 855 ,
1136 802 1193 841 ut
1225 793 1550 841 Coloniarum

186 862 498 939 ,Phoenicum
522 861 762 921 rationem
786 873 1144 931 describamus,
1187 878 1453 933 postquam
1492 871 1551 917 in

189 952 298 998 suas
340 967 564 1013 quaeque
609 952 833 1013 regiones
877 949 1210 1015 advenerant,
1254 948 1324 995 ita
1354 955 1550 996 nostras

184 1040 266 1074 res
306 1041 446 1090 agere
481 1026 656 1073 debere
699 1025 842 1073 nobis
881 1027 1108 1074 videmur
1126 1059 1142 1086 ,
1189 1032 1247 1072 ut
1285 1040 1347 1071 ex
1381 1026 1470 1071 hac
1496 1026 1548 1087 §⁰

181 1103 454 1165 elucescat,
503 1120 746 1167 quaenam
786 1102 939 1150 fuerit
979 1103 1200 1165 ipsarum
1243 1103 1550 1150 coloniarum

184 1179 397 1226 conditio
425 1186 474 1227 et
497 1181 654 1241 ratio,
697 1196 939 1242 quaenam
966 1168 1295 1240 necessitudo,
1334 1187 1437 1227 tam
1465 1180 1551 1226 in·-

184 1263 262 1303 ter
293 1265 451 1305 easvet
491 1257 825 1319 metropolin,
873 1272 1023 1320 quam
1064 1257 1196 1304 inter
1234 1257 1365 1320 ipsas
1392 1257 1549 1304 'colo-

184 1333 310 1382 nias.

247 1409 479 1458 Difficilis
522 1417 598 1458 est
622 1411 874 1474 quaestio,
916 1426 1038 1458 num
1067 1411 1287 1459 coloniae
1318 1410 1545 1459 Phoeni-

183 1502 296 1534 cum
328 1485 389 1533 ab
422 1487 566 1534 initio
598 1487 782 1535 liberae
814 1487 1002 1534 fuerint
1028 1488 1247 1536 civitates
1262 1523 1277 1549 ,
1322 1504 1388 1535 an
1424 1505 1543 1536 vero

180 1563 445 1626 metropoli
485 1563 727 1611 subiectae
745 1598 760 1625 ,
801 1572 1011 1626 propter
1047 1566 1342 1628 paucisfima
1371 1582 1540 1614 rerum

178 1642 581 1703 Phoeniciarum,
601 1658 727 1705 quae
742 1644 1023 1704 supersunt,
1041 1644 1332 1708 fragmenta.
1358 1643 1539 1707 Suspi-

176 1719 281 1766 cari
311 1725 475 1766 tamen
503 1720 615 1767 licet
639 1736 720 1767 eas
749 1719 811 1767 ab
835 1720 979 1767 initio
1003 1721 1182 1769 liberas
1214 1723 1365 1771 fuisse
1395 1723 1533 1785 (41),

174 1803 225 1844 et
266 1797 401 1843 suam
445 1812 668 1859 quasque
709 1798 969 1860 propriam
1025 1800 1280 1861 regiminis
1325 1800 1537 1849 formam

175 1865 429 1935 habuisse,
460 1874 685 1935 quamvis
714 1873 1015 1937 plerumque
1051 1876 1141 1922 hac
1178 1877 1232 1924 in
1264 1893 1319 1924 re
1344 1886 1537 1926 metro-

173 1951 303 2013 polis
344 1951 620 2012 exemplum
663 1950 867 1999 secutas.
937 1952 1244 2016 Carthaginis
1282 1970 1401 2003 vero
1443 1973 1535 2004 co·

172 2028 335 2077 Ioniae
369 2043 427 2074 eo
472 2026 668 2074 consilio
708 2026 931 2075 conditae
973 2028 1120 2076 fuisse
1162 2031 1431 2094 videntur,
1477 2042 1536 2082 ut

175 2104 330 2152 statim
370 2103 561 2150 easdem
602 2103 691 2151 fibi
732 2103 968 2152 subiectas
1010 2108 1246 2155 retineret
1274 2118 1535 2173 metropo-

174 2181 267 2242 lis,
318 2198 417 2244 qua
460 2182 616 2245 igitur
657 2182 711 2229 in
750 2197 806 2235 re
837 2181 899 2228 ab
930 2184 1036 2246 ipsa
1064 2185 1312 2250 Phoenice
1351 2189 1539 2238 diversa

171 2257 286 2325 fuit.

1422 2344 1544 2393 Hu-

221 2527 325 2584 (41)
353 2532 414 2571 De
440 2531 617 2572 Coloniis
642 2533 679 2570 in
707 2530 883 2582 Hispania
914 2533 1064 2583 egregie
1088 2534 1181 2573 illud
1210 2535 1350 2576 docuit
1376 2550 1533 2581 nazaz-

170 2603 277 2655 μιν.
303 2594 424 2636 ΙιΙεεη.
457 2597 513 2637 th.
543 2605 588 2645 1,
617 2595 723 2638 abth.
752 2608 801 2643 2,
829 2607 1009 2648 pag.-57.

806 2658 913 2705 135
