1787 3205
243 205 277 281 ὰ
370 218 467 266 DE
502 217 826 267 coLOan
861 215 1230 268 VETERUM.
1392 216 1487 263 105

182 376 454 426 Hactenus
473 378 551 425 *de
595 376 951 425 necessitudine
992 376 1206 427 vidimus
1231 373 1367 422 inter
1394 391 1485 421 co-

125 454 284 501 lonias
317 462 366 501 et
391 455 689 518 metiopoles
715 454 931 500 Graecas
947 488 962 514 ‚
999 470 1123 515 quae
1158 454 1361 515 sponte,
1385 447 1481 498 'sua

124 531 229 594 ipsa
266 539 476 595 natura,
523 533 825 596 cognationis
853 532 989 596 quafi
1017 530 1481 579 memoria‘obtine-

121 608 237 672 bat,
279 610 435 673 deque
477 626 646 658 earum
678 610 850 658 officiis
874 610 975 658 ‘fibi
1016 617 1194 658 mutuo
1227 606 1480 672 praestan-

120 686 227 747 dis,
273 689 451 750 pietate
489 691 542 734 in
577 690 754 751 primis
792 688 1141 735 innitentibus,
1171 714 1238 723 —
1261 685 1331 732 At
1359 701 1476 733 vero

121 765 242 826 quid
284 766 410 813 iuris
449 767 580 812 inter
623 782 703 813 eas
741 766 1098 824 intercesserit,
1145 772 1194 811 et
1228 760 1476 826 quomodo

117 841 212 886 sese
248 841 362 903 erga
397 842 614 887 colonias
654 842 887 903 gesserint
927 833 1256 903 metropoleS,
1292 857 1477 902 quaes-

119 917 278 964 tiones
319 918 435 963 sunt
474 933 577 963 non
618 919 825 964 minoris
870 917 1141 976 momenti,
1176 924 1226 962 et
1253 918 1314 962 ad
1341 918 1477 962 hunc

117 992 287 1041 locum
317 994 521 1040 omnino
553 994 874 1055 pertinente&
944 994 997 1039 Si
1037 994 1188 1056 ipfius
1232 993 1305 1040 rei
1352 1009 1481 1040 con-

116 1070 331 1117 sulamus
357 1076 585 1117 naturam
603 1105 619 1131 ,
651 1071 886 1134 illamque
910 1071 1062 1134 legem
1079 1106 1095 1132 ‚
1134 1086 1289 1133 quae,
1314 1078 1374 1118 ut
1390 1070 1478 1118 Ci-

116 1164 234 1195 cero
262 1150 365 1209 ait,
407 1165 511 1195 non
549 1150 735 1210 scripta
757 1151 836 1196 sed
874 1158 991 1196 nata
1018 1158 1092 1196 est
1121 1150 1287 1213 (255),
1319 1166 1476 1212 quae-

117 1241 214 1287 que
252 1240 282 1271 a
323 1227 437 1272 sana
491 1227 684 1272 ratione
724 1226 1084 1287 proficiscitur,
1137 1243 1239 1272 non
1297 1239 1475 1289 magna

112 1302 405 1365 probatione
448 1304 658 1366 indiget,
706 1304 947 1351 coloniam
965 1340 979 1365 ,
1010 1320 1070 1351 ex
1111 1304 1278 1351 liberis
1304 1305 1475 1352 homi-

114 1380 262 1427 nibus
291 1382 635 1443 compofitam,
676 1383 762 1427 sua
793 1383 1080 1439 voluntate,
1118 1382 1205 1427 sub
1238 1384 1471 1443 auspiciis

61 1516 65 1521 ⁴
113 1459 323 1506 civitatis
340 1493 355 1519 ,
390 1461 660 1520 profectam
677 1493 693 1520 ‚
732 1460 816 1505 suo
845 1460 955 1505 iure
983 1459 1187 1505 liberam
1216 1460 1345 1520 esse,
1376 1476 1470 1505 ne-

113 1550 211 1597 que
238 1536 501 1596 metropoli
536 1535 813 1582 subiectam.
852 1535 1022 1594 Quid?
1050 1536 1295 1597 populine
1319 1552 1436 1597 pars
1453 1571 1467 1597 ,

111 1612 282 1658 relicto
327 1613 489 1673 patrio
529 1613 659 1672 solo,
715 1614 817 1674 ipsa
858 1613 1190 1659 consentiente
1236 1614 1469 1674 civitate,

109 1688 251 1736 fimul
290 1689 376 1734 sua
412 1689 592 1736 amittit
630 1691 742 1736 iura
773 1698 822 1736 et
852 1690 906 1736 in
932 1689 1300 1737 subdititiorum
1333 1692 1469 1738 venit

107 1767 346 1813 ordinem.
417 1766 575 1812 Immo
603 1783 751 1828 vero,
792 1769 879 1814 sua
915 1768 1094 1814 retinet
1123 1769 1265 1828 iura,
1305 1784 1467 1831 neque

106 1844 152 1890 ei
200 1844 301 1890 fine
344 1844 531 1889 iniuria
589 1844 673 1888 illa
720 1845 832 1904 quis
881 1843 1138 1890 ablaturus
1186 1853 1261 1891 est
1307 1846 1463 1909 (254).

1364 1923 1470 1984 Ne.-

151 2128 280 2183 (253)
311 2129 477 2171 C1csno
497 2136 570 2179 pro
596 2127 687 2168 Mil.
714 2138 752 2170 c.
776 2138 818 2179 5.

153 2191 284 2242 (254)
312 2192 435 2234 Conf.
474 2191 584 2234 doct.
622 2201 763 2231 BRAND
798 2192 826 2231 1.
852 2192 880 2231 Ι.
921 2202 1009 2241 pag.
1048 2202 1097 2240 32
1137 2192 1219 2243 seq.
1284 2193 1392 2233 Haec
1428 2196 1465 2235 in

103 2263 185 2292 eam
224 2253 445 2291 sententiam
481 2263 557 2290 non
595 2252 776 2301 disputo.
812 2264 857 2292 ac
897 2251 924 2292 fi
962 2255 1225 2303 contendam,
1268 2259 1467 2303 colonias,

101 2314 238 2354 relicta
258 2315 495 2363 metropoli,
517 2314 580 2352 sua
601 2314 697 2362 ipsas
719 2315 796 2353 sata
816 2316 947 2365 sequi,
971 2325 1009 2353 et
1033 2316 1102 2354 suo
1123 2318 1302 2365 periculo
1325 2330 1462 2356 novam

103 2376 277 2416 condere
313 2376 507 2415 civitatem
524 2386 550 2430 ς4
569 2376 639 2415 hac
667 2378 766 2416 enim
794 2376 834 2416 in
865 2389 906 2416 re
934 2378 1200 2425 migrationum
1232 2389 1273 2417 et
1297 2379 1461 2429 ipsarum

64 2432 76 2441 '
103 2439 369 2482 coloniarum,
404 2437 449 2476 ad
482 2448 578 2486 quas
612 2448 743 2479 nostra
783 2438 993 2489 disputatio
1025 2439 1216 2488 pertinet,
1255 2441 1464 2482 discrimen

102 2501 286 2539 cernitur.
343 2498 416 2539 Sed
442 2499 522 2538 hoc
548 2501 673 2547 volo,
712 2502 911 2548 colonias,
947 2501 1122 2550 quamvis
1152 2503 1285 2541 relicta
1319 2506 1466 2553 patria,

101 2559 147 2599 ad
174 2561 330 2601 eandem
352 2561 545 2603 civitatem
566 2562 676 2603 etiam
712 2562 894 2612 delneeps
922 2563 1133 2614 pertinere,
1162 2564 1288 2611 eidem
1311 2565 1460 2606 summo

747 2625 866 2673 G5
1424 2639 1468 2667 ac
